1956 3270
997 129 1297 173 ...52-

422 260 537 293 nore
571 243 715 307 digna
748 247 823 291 est
858 241 1133 306 omninoque
1162 243 1448 292 necessaria.
1520 244 1735 295 Traditio
1771 249 1873 297 sola

419 322 656 372 materiam
691 322 883 387 praebet
918 321 1115 369 omnium
1150 337 1329 382 eorum,
1366 338 1483 386 quae
1528 321 1588 370 ad
1635 340 1874 392 compara-

419 401 562 448 tionis
613 400 751 463 leges
794 408 840 449 et
883 400 1160 465 disciplinae
1214 407 1465 466 praecepta
1520 404 1774 452 examinari
1818 421 1875 453 ac

419 477 647 545 perpendi
683 485 888 545 oportet3
925 477 1145 542 quidquid
1189 478 1237 526 in
1282 479 1492 528 lancibus
1540 488 1744 530 staterae
1787 498 1875 547 po-

420 556 557 614 nitur,
593 556 712 605 haec
758 558 860 605 sola
902 556 1037 605 nobis
1086 555 1366 621 suppeditat.
1436 559 1592 623 Hujus
1614 561 1755 624 igitur
1790 576 1875 608 co-

419 635 633 698 gnitione
669 635 858 699 linguae
892 634 1198 698 investigatio
1234 635 1358 683 nullo
1394 637 1529 686 modo
1560 637 1874 704 supersedere

419 720 600 778 potest3
652 714 855 776 alioquin
910 731 938 760 a
993 713 1277 777 conjecturis
1330 715 1541 778 prosecta
1591 717 1651 764 ad
1695 717 1875 764 fabulas

419 791 660 840 delabetur
695 799 741 839 et
776 808 975 840 araneae
1010 793 1158 839 instar
1191 792 1269 839 fila
1304 807 1365 839 ex
1401 802 1548 842 semet
1582 796 1687 861 ipsa
1721 794 1874 852 ducet,

419 870 560 917 multo
607 870 922 933 arrogantior,
978 888 1110 935 quam
1142 877 1211 935 ‘ut
1258 871 1446 919 attalica
1491 873 1571 920 illa
1612 873 1875 939 peripetas-

418 954 541 995 mata
573 947 819 1008 intueatur,
856 966 971 1012 quae
1006 950 1165 1015 prisca
1198 947 1384 997 traditio
1413 968 1614 1017 purpura
1647 968 1732 999 sua
1766 966 1876 1016 per-

417 1026 558 1073 tinxit
594 1033 641 1075 et
676 1043 787 1075 auro
812 1043 898 1075 suo
934 1028 1182 1093 pertexuit.
1250 1028 1474 1093 Intelligo
1510 1047 1625 1078 vero
1662 1028 1875 1078 traditio-

418 1121 523 1152 nem
559 1107 1020 1170 synagogalem,
1058 1109 1193 1170 cujus
1229 1124 1257 1154 a
1303 1108 1455 1173 capite
1499 1108 1680 1156 rivulus
1716 1107 1875 1155 eccle-

419 1183 643 1232 siasticae
692 1175 953 1232 accersitus
1011 1191 1058 1232 et
1121 1184 1373 1233 deductus·
1415 1193 1502 1234 est.
1593 1187 1873 1249 Quamquam

418 1260 673 1326 Origenem
709 1269 755 1311 et
790 1262 1127 1327 Hieronymum
1162 1264 1463 1329 praetermitti
1484 1265 1638 1324 nolim,
1674 1266 1722 1312 in
1759 1279 1875 1326 quo-

416 1357 514 1388 rum
551 1341 768 1407 operibus
804 1341 992 1407 euripos
1021 1342 1244 1405 judaicae
1266 1343 1530 1391 traditionis
1566 1343 1871 1406 magnificen-

417 1419 628 1466 tissimos
686 1419 899 1467 admiror.
981 1419 1083 1470 Sed
1139 1420 1424 1469 redeundum
1472 1428 1546 1469 est
1590 1420 1650 1467 ad
1686 1421 1873 1479 sontem,

417 1514 481 1545 ex
519 1514 608 1560 quo
645 1498 852 1546 ecclesia
888 1498 1089 1562 singulis
1135 1500 1364 1548 aetatibus
1402 1516 1532 1547 suum
1579 1500 1875 1562 qualemcun-

417 1593 507 1639 que
562 1576 810 1625 hebraicae
864 1576 1053 1641 linguae
1106 1595 1237 1625 usum
1292 1578 1459 1625 hausit.
1532 1578 1578 1625 T
1582 1576 1871 1635 raditionem,

417 1657 554 1718 cujus
610 1655 817 1703 notitiam
878 1656 926 1703 in
983 1655 1230 1704 hebraicae
1290 1656 1479 1720 linguae
1532 1656 1875 1719 investigatore

416 1750 508 1781 non
565 1732 785 1781 desidero
839 1734 1008 1794 solum⁷
1065 1733 1153 1782 sed
1203 1735 1339 1783 etiam
1392 1750 1540 1799 posco
1596 1742 1643 1783 et
1696 1733 1875 1796 flagito,

341 1836 349 1840 ·
415 1812 605 1877 primum
628 1813 992 1878 complectuntur
1003 1813 1266 1873 versiones,
1287 1813 1875 1873 Aleoecmdrinorum,

417 1891 494 1955 qui
530 1898 577 1940 et
610 1891 639 1937 h
652 1892 881 1939 alakam
918 1879 1291 1955 et-Tlagadam
1326 1892 1717 1957 palaestinensem
1752 1891 1877 1939 levi-

415 1973 489 2017 ter
531 1968 715 2035 pressis
750 1970 974 2033 vestigiis
1011 1976 1377 2033 consequuntur,
1425 1978 1683 2019 ceterorum
1727 1970 1875 2018 inter-

414 2054 595 2112 pretum
632 2047 1165 2114 Graecorum,inprimis
1186 2049 1450 2114 Aquilae
1487 2043 1693 2115 (1:³⁵5an
1732 2042 1873 2113 Dffi'py,

415 2142 514 2190 syr.
578 2130 778 2187 munst),
826 2143 960 2190 quem
1005 2128 1197 2175 verbum
1253 2126 1314 2174 ad
1367 2128 1558 2176 verbum
1615 2125 1875 2174 studiosius

411 2202 791 2270 interpretantem
862 2205 1248 2254 Palaestinenses
1313 2221 1597 2270 magnopere
1661 2203 1876 2253 venerati

414 2289 547 2342 sunt,
610 2290 657 2331 et
719 2284 1210 2347 Paraplzrastarmn,
1267 2284 1515 2350 praecipue
1577 2282 1880 2331 Onkelosz'
1950 2325 1956 2350 ί·

413 2358 791 2424 Proselgytcce
840 2368 888 2410 et
932 2362 1237 2411 Jonatam‘
1292 2362 1509 2420 Uzie'lz',
1554 2361 1629 2424 qui
1675 2361 1723 2408 in
1769 2377 1874 2407 ara-

414 2438 578 2486 maicis
616 2439 715 2486 suis
753 2439 1025 2503 Targumim
1062 2457 1311 2504 nunquam,
1349 2440 1457 2503 quid
1493 2440 1609 2488 solis
1645 2439 1763 2505 ipsis
1798 2439 1874 2486 vi-

414 2514 617 2577 deretur,
655 2534 853 2583 semper,
889 2517 1012 2580 quod
1049 2534 1285 2567 consensu
1328 2518 1614 2582 antiquitatis
1659 2533 1873 2583 compro-

416 2595 568 2646 batum
604 2602 749 2657 esset,
786 2603 1124 2663 expresserunt
1162 2599 1223 2659 1),
1259 2613 1400 2661 quare
1445 2614 1473 2644 a
1500 2596 1710 2661 judaicis
1753 2611 1873 2644 exe-

503 2764 546 2815 1]
577 2766 728 2803 Munus
758 2769 1042 2816 paraphrastae
1061 2769 1335 2806 difficillimum
1360 2769 1434 2805 hoc
1461 2769 1659 2816 paradoxo
1690 2767 1874 2804 docetur:
1944 2762 1947 2776 '

415 2842 463 2881 Πῑ
511 2843 588 2882 ’Ἦ
637 2826 720 2888 *⁸537
768 2846 942 2899 mmmm
988 2849 1094 2885 ’.κ’-ιε
1143 2846 1190 2886 Πῑ
1238 2847 1314 2886 νήτη
1352 2848 1500 2886 imm:
1546 2847 1651 2900 Ρποε
1689 2843 1870 2884 :nunu

1950 2367 1956 2410 1

1948 2411 1956 2455 1
