1956 3270
1101 223 1156 263 70

376 390 586 440 telligitur,
617 391 862 426 collectorem
880 390 950 426 hos
970 391 1104 426 illosve
1124 388 1296 426 Psalmos
1315 396 1420 426 tanto
1449 391 1586 438 majori
1609 393 1697 438 jure
1722 393 1880 438 conjun-

376 470 467 507 gere
488 457 559 492 sibi
578 458 703 492 visum
723 470 824 503 esse,
856 463 996 505 quanto
1025 469 1087 492 eos
1108 457 1252 493 crebris
1272 458 1366 493 locis
1386 458 1447 494 vel
1466 463 1546 492 toto
1565 462 1788 506 argumento
1810 456 1882 492 sibi

377 524 581 559 similiores
601 536 682 559 esse
701 537 745 560 ac
764 537 839 560 non
855 524 965 560 modo
987 524 1203 573 analogiam
1217 524 1406 572 quandam
1423 536 1514 571 prae
1535 537 1574 559 se
1594 523 1709 568 ferre,
1724 522 1788 558 sed
1802 529 1881 558 toto

377 596 601 640 argumento
621 592 854 640 propinquos
875 592 975 626 inter
994 603 1034 626 se
1052 603 1096 626 ae
1114 589 1297 626 finitimos
1318 603 1399 627 esse
1421 590 1722 638 deprehenderit.

488 686 532 741 5)
558 689 753 726 interdum
777 691 886 727 binos
913 690 1083 727 Psalmos
1107 696 1309 738 propterea
1335 692 1549 738 copulavit,
1579 692 1670 740 quia
1694 690 1884 738 posterior

375 758 462 793 voci
499 758 639 804 prioris
675 757 790 793 echus
821 759 942 794 instar
971 757 1200 805 respondere
1230 758 1302 805 ipsi
1332 757 1553 802 videbatur,
1589 758 1694 793 velut
1722 758 1787 792 20.
1817 757 1882 792 21.

378 822 724 873 (Eclcopsalmen),
743 826 803 860 vel
825 825 914 872 quia
931 826 1122 872 posterior
1143 831 1285 860 statum
1304 831 1342 859 et
1360 823 1518 860 affectus
1536 825 1757 871 psalmistae
1775 836 1883 871 pror-

376 903 439 926 sus
461 892 675 927 contrarios
694 891 868 937 exhibet,
890 892 995 927 velut
1013 892 1078 927 21.
1096 892 1160 927 22.
1184 888 1608 941 (Οοηῖι-(ιεΐρεαίηιεη),
1626 891 1688 926 vel
1708 891 1798 938 quia
1817 902 1884 937 po-

375 959 516 994 sterior
542 959 816 1008 cogitationem
841 959 1009 1006 aliquam
1034 960 1073 994 in
1091 960 1221 1006 priore
1241 970 1461 1006 expressam
1477 959 1647 1005 pertexit
1666 963 1704 993 et
1722 956 1885 1004 amplifi-

376 1032 451 1071 cat,
469 1026 575 1062 velut
592 1026 656 1060 22.
679 1026 759 1070 23.,
783 1026 845 1061 86.
869 1027 932 1061 87.
956 1022 1462 1075 (Fortsclzrittspsalmen),·
1487 1026 1548 1060 cui
1568 1024 1722 1073 quidem
1741 1025 1884 1072 triplici

376 1090 546 1128 Psalmos
572 1092 822 1139 componendi
850 1092 961 1127 modo
990 1098 1067 1127 tres
1092 1093 1341 1140 parallelismi
1374 1093 1540 1140 species,
1577 1103 1885 1141 synonymus,

375 1158 697 1195 antitheticus
718 1166 755 1194 et
771 1160 1135 1209 progressivus,
1158 1160 1372 1207 comparari
1391 1165 1561 1206 possunt.

485 1256 530 1309 6>
556 1257 659 1294 Raro
675 1260 858 1295 collector
872 1260 1186 1307 inscriptionibus
1201 1258 1454 1305 psalmorum,
1475 1263 1661 1307 quatenus
1675 1259 1759 1306 plus
1774 1270 1887 1306 quam

374 1326 557 1361 terminos
577 1325 773 1362 technicos
795 1327 1011 1373 continent,
1031 1327 1137 1363 velut
1155 1324 1216 1362 Ps.
1238 1327 1318 1373 36.,
1337 1327 1399 1368 vel
1418 1327 1530 1374 plane
1551 1326 1765 1376 singulares
1783 1331 1886 1370 sunt,

374 1394 479 1429 velut
498 1392 560 1429 56.
585 1395 647 1429 88.
672 1395 750 1439 89„
770 1394 818 1429 ad
833 1393 940 1429 filum
960 1394 1237 1442 pertexendum
1256 1395 1390 1429 utitur.

483 1492 691 1542 Postquam
718 1496 781 1530 lex
811 1496 891 1540 illa,
925 1495 1133 1530 secundum
1160 1507 1273 1543 quam
1293 1493 1525 1531 Psalterium
1550 1493 1775 1541 dispositum
1805 1503 1887 1527 esse

373 1561 556 1609 suspicati
577 1574 739 1607 eramus,
762 1563 879 1598 totius
899 1561 1079 1598 Psalterii
1097 1563 1424 1612 pervestigatione
1443 1573 1575 1597 veram
1593 1573 1633 1596 se
1651 1559 1761 1596 nobis
1783 1571 1886 1594 com—

1912 0 1946 65 κζᾳζξὶ

372 1628 570 1676 probavit,
605 1630 844 1665 excutiamus
864 1641 985 1675 nunc,
1018 1629 1109 1677 quid
1130 1635 1388 1678 quantumque
1406 1629 1588 1664 momenti
1608 1628 1701 1663 insit
1720 1627 1887 1662 inventis
1921 1640 1923 1642 ’

374 1696 514 1731 nostris
535 1696 580 1731 ad
600 1695 802 1732 historiam
822 1695 1063 1732 Psalmorum
1082 1697 1396 1744 collectionisque
1415 1708 1547 1731 eorum
1565 1693 1841 1730 illustrandam.

490 1784 532 1839 l)
560 1788 731 1825 Primum
752 1791 993 1838 exploratum
1013 1796 1088 1836 est,
1121 1796 1244 1825 totum
1264 1788 1496 1825 Psalterium
1523 1789 1796 1824 convenienter
1821 1787 1888 1822 uni

374 1855 574 1904 eidemque
594 1857 672 1906 legi
691 1870 772 1892 esse
793 1857 1030 1905 dispositum.
1074 1855 1176 1892 Hinc
1197 1857 1457 1905 consequitur,
1480 1862 1545 1891 aut
1564 1855 1803 1891 redactorem
1820 1867 1887 1902 po-

373 1928 556 1958 stremum
576 1921 748 1959 Psalmos
774 1937 925 1971 omnes,
958 1936 1052 1973 quos
1070 1926 1211 1972 partim
1233 1925 1414 1959 collectos
1433 1929 1629 1971 repererat
1647 1923 1789 1970 partim
1807 1923 1888 1969 ipse

372 1990 549 2040 collegit,
580 1990 701 2027 denuo
721 1991 925 2041 digessisse
945 1998 1010 2027 aut
1029 2004 1114 2027 eum
1133 2005 1173 2028 se
1193 1991 1241 2028 ad
1261 1991 1435 2026 ordinem
1463 1991 1737 2026 collectionum
1762 1994 1888 2025 aetate

371 2058 612 2104 superiorum
635 2059 875 2106 applicuisse.
939 2057 1035 2094 Cum
1052 2071 1143 2095 vero
1167 2071 1214 2093 ex
1235 2064 1326 2094 nota
1351 2061 1407 2090 “m
1433 2050 1548 2090 mbzn
1565 2050 1622 2088 1⁷2:
1649 2055 1800 2092 Psalmo
1821 2056 1885 2091 72.

371 2124 586 2172 subscripta
601 2132 742 2172 pateat,
757 2127 951 2162 exstitisse
965 2127 1178 2174 principem
1192 2126 1360 2174 aliquam
1374 2126 1642 2161 collectionem
1657 2135 1815 2172 eamque
1829 2124 1888 2158 in-

371 2198 432 2227 tra
448 2191 543 2228 fines
564 2190 803 2228 Psalmorum
829 2195 861 2229 l.
884 2200 921 2228 et
942 2194 1005 2229 72.
1028 2194 1239 2239 contineri,
1261 2199 1298 2228 et
1318 2205 1425 2238 cum,
1445 2198 1488 2227 ut
1505 2193 1545 2227 in
1566 2191 1888 2227 commentatione

372 2258 416 2293 de
432 2258 574 2306 duplici
589 2258 830 2296 Psalmorum
848 2260 976 2296 indole
995 2261 1245 2306 ostendimus,
1267 2260 1503 2310 argumentis
1517 2257 1619 2294 haud
1633 2258 1780 2294 levibus
1798 2269 1888 2292 con-

371 2325 515 2361 firmari
534 2328 676 2374 possit,
708 2327 848 2363 librum
867 2326 1107 2364 Psalmorum
1134 2328 1293 2362 tertium
1319 2325 1400 2377 (Ps.
1422 2321 1620 2377 73—89.)
1641 2323 1888 2373 appendicem

372 2405 474 2438 esse,
504 2405 601 2441 quae
619 2393 666 2428 ad
687 2395 954 2430 collectionem
973 2396 1136 2443 primam
1154 2395 1367 2442 posterius,
1395 2393 1460 2428 sed
1487 2400 1575 2428 ante
1603 2393 1888 2428 conclusionem

370 2458 551 2496 Psalterii
578 2462 802 2497 accesserit:
847 2463 1019 2510 quaestio
1048 2463 1134 2507 illa,
1165 2468 1296 2496 utrum
1322 2460 1500 2496 redactor
1531 2466 1747 2508 postremus
1779 2459 1887 2494 illum

371 2526 634 2574 dispositionis
665 2528 819 2563 modum
842 2530 988 2577 primus
1014 2529 1297 2579 excogitaverit
1322 2540 1369 2563 an
1398 2527 1446 2563 ad
1472 2540 1558 2563 eum
1584 2540 1624 2563 se
1651 2526 1886 2575 adjunxerit,

371 2606 446 2629 non
464 2595 606 2641 poterit
626 2594 831 2642 dijudicari
851 2597 926 2631 nisi
945 2598 1178 2640 noverimus,
1201 2596 1357 2643 quinam
1375 2593 1616 2630 Psalmorum
1635 2593 1724 2629 libri
1744 2590 1884 2628 I—III.

369 2673 437 2708 pro
459 2661 676 2698 recentibus
696 2669 733 2697 et
750 2675 884 2698 recens
905 2663 1142 2710 interpositis
1162 2661 1326 2697 habendi
1348 2662 1435 2697 sint.
1469 2661 1543 2703 Qui
1563 2660 1717 2709 quidem
1736 2661 1769 2696 si
1787 2659 1886 2695 demi

370 2734 544 2774 possent,
581 2741 656 2764 non
680 2730 825 2765 violato
845 2731 910 2765 illo
932 2730 1066 2766 ordine
1085 2730 1227 2765 similia
1244 2729 1432 2765 similibus
1455 2731 1664 2779 jungente,
1702 2727 1770 2763 hic·
1791 2727 1883 2762 ordo

370 2807 437 2842 pro
458 2796 614 2843 antiquo
636 2794 831 2833 habendus
852 2803 971 2835 esset:
991 2798 1023 2834 si
1045 2809 1134 2842 non,
1154 2809 1221 2844 pro
1242 2797 1401 2831 recenti.
1427 2794 1534 2832 Haec
1553 2808 1644 2832 vero
1667 2794 1883 2844 disquisitio

371 2868 447 2896 tam
467 2862 585 2897 ardua
607 2870 644 2898 et
663 2864 809 2900 lubrica
829 2872 899 2910 est,
920 2871 962 2899 ut
981 2865 1025 2900 ab
1047 2877 1091 2899 ea
1107 2863 1180 2899 hoc
1200 2865 1283 2899 loco
1306 2863 1573 2899 abstinendum
1593 2863 1703 2899 nobis
1723 2874 1805 2898 esse
1823 2873 1884 2897 ar-

372 2929 566 2965 bitremur.
625 2930 674 2965 At
694 2928 757 2980 (ut
775 2931 1022 2979 profiteamur
1042 2931 1080 2967 id
1100 2931 1200 2979 quod
1221 2931 1330 2967 nobis
1351 2931 1588 2966 simillimum
1607 2930 1689 2965 veri
1710 2924 1882 2977 videtur)

370 2997 401 3031 si
423 2996 459 3031 in
480 2994 651 3033 Psalmos
672 3010 901 3047 anonymos,
934 3012 1028 3047 quos
1047 2999 1294 3046 interpositos
1313 3010 1395 3034 esse
1414 2998 1580 3033 maxime
1598 2996 1795 3044 probabile
1813 3001 1882 3039 est,
