1956 3270
990 105 1288 149 -30-

414 218 582 269 mentis
617 222 836 268 constare
870 223 918 267 et
952 217 1125 268 deinde
1159 218 1219 267 ad
1240 219 1411 286 stirpes
1434 220 1684 286 prosthesi,
1721 238 1869 288 epen-

415 299 542 347 thesi
582 298 661 346 vel
704 313 947 363 paragoge
991 304 1153 346 auctas
1204 299 1476 348 accrevisse
1526 302 1568 362 ¹)
1621 301 1869 350 intellexit.

414 378 486 424 At
519 376 689 424 ibidem
723 392 802 424 res
837 376 955 423 duas
991 376 1094 424 sine
1122 375 1274 439 aliqua
1301 377 1525 443 probabili
1546 379 1724 427 ratione
1759 396 1870 445 pro-

417 455 587 521 posuit,
623 455 836 520 primum,
874 471 937 502 ex
989 455 1297 503 formarum
1347 456 1653 520 congruentia
1695 473 1868 506 conse-

419 533 496 597 qui
532 532 781 582 radicum
814 540 1266 598 potestatumque
1309 535 1653 597 aequalitatem,
1698 534 1871 585 deinde

417 612 605 661 radices
641 628 829 660 numero
866 611 1126 659 binarum
1160 612 1414 672 literarum,
1452 629 1569 676 quae
1603 614 1872 680 plerumque

419 692 822 757 onomatopoetice
881 690 1158 750 coaluerint,
1209 707 1320 740 esse
1365 690 1638 752 adstrictas3
1682 708 1872 755 quorum

419 776 469 818 et
518 769 612 818 hoc
664 777 710 819 et
751 768 866 817 illud
905 769 1094 833 linguae
1145 770 1482 818 sanscritae
1529 771 1873 837 comparatione

418 864 520 896 cum
554 848 773 896 hebraica
799 847 1028 896 concidit.
1109 847 1353 896 Eeb-aldus
1410 865 1613 911 quoque,
1668 849 1746 912 qui
1798 848 1873 896 di-

421 927 650 992 sciplinae
674 926 873 976 Gesenii
896 926 1218 991 empiricae
1254 927 1418 991 gra-vis
1466 927 1766 975 adversarius
1801 927 1875 975 sa-

417 1012 522 1053 ctus
559 1012 647 1064 est,
676 1005 911 1054 hebraicis
948 1005 1116 1052 studiis
1154 1005 1233 1069 (id
1268 1005 1391 1069 quod
1413 1013 1546 1070 grate
1580 1006 1873 1071 profitemur)

418 1084 657 1150 plurimum
712 1084 958 1151 praestitit.
1047 1084 1237 1132 Etenim
1299 1084 1512 1133 studiose
1564 1085 1613 1132 iu
1668 1091 1874 1132 naturam

419 1162 611 1227 linguae
643 1163 899 1226 inquisivit,
935 1163 983 1210 in
1019 1179 1107 1226 qua
1140 1163 1319 1227 legem,
1355 1179 1446 1211 non
1482 1179 1639 1211 casum
1676 1178 1875 1227 regnare

412 1243 523 1305 jure
558 1242 820 1303 contendit3
857 1241 1113 1291 doctrinam
1149 1239 1208 1289 de
1225 1242 1356 1289 sonis
1380 1241 1612 1289 literarum
1649 1243 1706 1290 ab
1739 1242 1875 1307 Hup-

422 1320 549 1369 feldo
592 1322 835 1387 praeclare
881 1321 1144 1369 inchoatam
1179 1320 1492 1385 amplificavit,
1528 1326 1589 1378 et,
1625 1321 1672 1368 in
1710 1336 1877 1385 super-

420 1399 528 1448 ficie
562 1400 752 1464 linguae
787 1399 986 1448 haerere
1032 1399 1225 1457 nolens,
1272 1398 1404 1445 basin
1450 1400 1555 1461 ejus
1599 1397 1647 1446 in
1690 1398 1876 1448 occulto

419 1477 639 1526 latentem
676 1494 839 1527 eruere
869 1495 1012 1525 ausus
1048 1483 1136 1525 est.
1206 1476 1372 1539 Leges
1402 1475 1546 1539 igitur
1564 1476 1752 1541 linguae
1787 1476 1877 1525 he-

421 1556 608 1605 braicae
644 1574 736 1605 non
773 1557 1074 1605 extrinsecus
1111 1553 1298 1602 aliunde
1342 1554 1654 1616 quaerendas,
1691 1554 1779 1603 sed
1813 1570 1877 1604 ex

421 1634 541 1700 ipsis
575 1635 840 1684 visceribus
874 1635 1064 1699 linguae
1094 1631 1343 1681 sumendas
1367 1640 1510 1693 ratus,
1545 1634 1605 1681 ad
1639 1634 1876 1681 illustran-

422 1713 528 1760 dam
563 1713 829 1763 hebraicam
865 1714 1084 1776 linguam,
1122 1728 1254 1775 quam
1290 1727 1374 1776 per
1410 1719 1557 1760 semet
1591 1712 1740 1778 ipsam
1776 1720 1878 1760 stu-

421 1791 514 1839 diis
551 1793 866 1856 singularibus
902 1790 1224 1854 dignissimam
1253 1789 1510 1853 judicavit,
1546 1790 1698 1839 lumen
1742 1790 1879 1839 adhi-

408 1871 518 1920 *buit
552 1871 762 1930 rationis,
808 1887 892 1937 per
927 1886 1060 1933 quam
1110 1868 1338 1935 principia
1389 1874 1436 1917 et
1486 1884 1656 1917 causas
1706 1885 1877 1931 eorum,

422 1967 541 2014 quae
576 1951 624 1999 in
660 1967 832 1999 sensus
869 1948 1053 2008 cadunt,
1087 1947 1356 2006 intueretur,
1393 1948 1728 2011 consequentia
1769 1964 1881 2015 per-

423 2029 630 2095 spiceret
664 2037 802 2093 atque
837 2027 1046 2088 animam,
1083 2042 1201 2090 quae
1246 2025 1451 2090 linguam
1495 2033 1631 2090 gerat
1675 2043 1733 2076 ac
1776 2044 1879 2076 mo-

421 2107 627 2168 deretur,
672 2107 806 2172 quasi
849 2112 1011 2172 aperto
1056 2121 1112 2154 ac
1155 2105 1390 2171 patefacto
1433 2104 1622 2168 linguae
1667 2121 1880 2172 corpore,

422 2187 756 2235 observitaret:
794 2201 936 2250 quare
971 2183 1180 2233 scholam
1216 2186 1336 2248 ejus,
1358 2185 1493 2247 cujus
1515 2183 1687 2248 placita
1721 2184 1877 2233 Ferd.

422 2266 597 2330 Hitzey
640 2265 703 2314 ad
745 2264 1171 2332 interpretationem
1217 2278 1383 2312 sacrae
1424 2261 1684 2327 scripturae
1719 2262 1880 2310 tradu-

423 2344 508 2403 xit,
544 2344 892 2392 rationalem
927 2342 1160 2409 appellare
1196 2347 1244 2389 et
1288 2347 1381 2389 tum
1429 2340 1750 2406 empiricae
1785 2348 1879 2389 tum

423 2412 764 2471 historicae
800 2438 858 2472 eo
893 2422 1076 2470 nomine
1112 2424 1347 2485 opponere
1394 2419 1738 2467 consuevimus.
1807 2419 1879 2468 At

423 2500 677 2563 Ewaldus,
712 2501 780 2550 uti
813 2499 1156 2565 grammaticam
1190 2499 1247 2547 ab
1270 2496 1502 2563 opinionis
1524 2497 1727 2558 arbitri0‚
1763 2513 1879 2547 con-

514 2694 554 2744 1)
584 2698 697 2733 nanc
735 2696 1000 2744 conjecturam
1039 2693 1260 2741 complures
1292 2692 1374 2740 jam
1413 2695 1728 2741 occupaverunt,
1767 2692 1878 2728 velut

427 2764 532 2802 Mat.
564 2765 743 2812 Norberq
772 2765 813 2800 in
843 2763 983 2809 opusc.
1016 2763 1069 2812 11,
1099 2762 1258 2800 dissert.
1280 2758 1346 2797 15.
1365 2763 1405 2797 et
1433 2760 1499 2797 16.
1530 2760 1602 2810 (de
1630 2759 1765 2797 verbis
1794 2770 1876 2796 nu-

427 2830 490 2867 dis
519 2834 560 2868 et
588 2832 718 2868 auctis
748 2829 1024 2878 Graecorum).
