1956 3270
980 88 1278 137 „26-

401 209 611 260 Judaeis
642 223 736 257 non
771 204 1062 256 descivisset
1095 203 1155 253 ad
1174 202 1445 254 Mosle'mos.
1512 204 1701 255 Etenim
1735 206 1858 256 inter

400 290 588 354 linguas
619 286 888 345 orientales,
924 300 1055 349 quae,
1090 283 1281 350 primum
1316 285 1615 348 grammatice
1650 291 1697 334 et
1730 286 1855 335 lexi-

400 365 688 432 cographice
739 381 842 414 cum
886 363 1105 412 hebraica
1147 363 1460 428 compositae,
1503 363 1658 412 indies
1702 365 1856 428 magis

400 446 462 494 ad
496 444 761 494 hebraicam
797 441 1135 509 explanandam
1170 447 1307 505 atque
1337 441 1626 490 enodandam
1660 442 1856 491 adhibe-

401 526 588 583 bantur,
635 522 939 590 principatum
985 520 1234 586 occupavit
1277 521 1544 581 arabica,
1591 537 1708 584 quae
1754 537 1857 570 cum

403 604 633 670 scriptura
670 617 806 650 sacra
842 599 1098 648 studiorum
1133 598 1329 647 omnium
1365 616 1538 666 scopus
1576 616 1688 649 esse
1722 600 1857 666 paul-

398 682 525 729 latim
561 680 815 738 desineret,
851 679 1017 726 multos
1047 676 1387 726 ardentissimis
1408 679 1639 727 amoribus
1674 679 1856 727 inflam-

397 776 522 809 mare
559 775 773 824 coepera.
853 756 1143 804 Adamarant
1178 771 1299 815 eam,
1337 756 1529 821 quidni?
1584 757 1722 806 modo
1778 757 1857 805 vi-

398 838 599 888 dendum
632 837 739 885 istis
777 842 890 896 erat,
926 851 986 883 ne
1020 835 1159 882 filiam
1194 836 1423 900 pulcram,
1460 838 1595 899 cujus
1630 842 1858 885 venusta-

398 924 448 967 te
492 915 710 965 fascinati
763 921 918 971 erant,
963 914 1094 961 matri
1140 920 1331 962 sanctae
1379 914 1707 978 manciparent.
1784 915 1856 962 At

401 996 513 1046 Alb.
553 994 812 1044 Schultens
849 1000 940 1040 tam
977 1008 1121 1041 caeco
1157 1008 1312 1041 amore
1345 1009 1429 1058 pro
1475 993 1663 1055 linguae
1705 993 1859 1041 arabi·-

400 1091 487 1125 cae
523 1073 753 1137 dignitate
790 1079 928 1135 atque
964 1071 1237 1119 auctoritate
1283 1071 1620 1137 propugnavit,
1665 1077 1715 1120 ut
1757 1088 1858 1120 eam

396 1152 618 1203 hebraica
670 1150 1013 1199 huninosiorem
1069 1150 1288 1198 clamaret
1351 1148 1637 1213 eandemque
1703 1156 1858 1198 aetate

398 1233 541 1282 multo
595 1230 818 1278 minorem
869 1228 1283 1291 illustrationisque
1327 1228 1482 1293 potius
1531 1245 1594 1276 ex
1638 1229 1862 1279 hebraica

399 1309 754 1376 egentissimam
789 1323 901 1355 esse
936 1323 1029 1355 non
1065 1306 1271 1366 videret3
1308 1323 1439 1370 quam
1477 1309 1583 1370 ejus
1619 1307 1858 1355 temerita-

396 1396 490 1439 tem
525 1387 682 1452 magni
728 1402 916 1436 errores
961 1385 1203 1434 consecuti
1247 1391 1376 1446 sunt,
1426 1401 1543 1448 quos
1587 1402 1737 1452 paene
1780 1386 1858 1434 in-

398 1467 612 1519 credibili
647 1465 784 1515 modo
831 1470 1061 1513 auxerunt
1104 1464 1339 1513 asseclae.
1419 1464 1514 1512 Est
1558 1464 1678 1512 enim
1718 1481 1860 1531 prae-

396 1547 658 1597 termissum
695 1560 752 1592 ac
788 1544 1069 1607 neglectum,
1103 1542 1151 1590 in
1187 1549 1385 1591 aetatem
1421 1550 1468 1591 et
1505 1543 1734 1607 originem
1768 1543 1860 1591 lin-

397 1642 521 1692 guae
556 1624 770 1673 arabicae
806 1622 1039 1685 inquirere
1076 1627 1137 1680 et,
1171 1621 1324 1686 posita
1358 1621 1608 1669 hebraismi
1644 1621 1861 1686 originali

398 1702 766 1762 necessitudine,
800 1701 970 1749 indolis
1006 1700 1247 1763 utriusque
1282 1700 1472 1764 linguae
1517 1699 1860 1749 dissimilitudi-

399 1801 504 1833 nem
540 1781 827 1849 ponderare,
872 1784 922 1827 ut
966 1777 1077 1826 inde
1123 1779 1386 1827 accuratius
1433 1778 1703 1828 definiretur
1747 1796 1862 1844 gra-

400 1862 505 1922 dus,
539 1861 587 1909 in
625 1875 713 1923 quo
748 1858 938 1922 linguae
973 1856 1190 1905 arabicae
1225 1856 1285 1904 ad
1320 1857 1584 1907 hebraicam
1616 1859 1861 1924 explican-

398 1940 504 1988 dam
548 1938 724 1987 utilitas
776 1942 908 1986 esset
959 1935 1248 1985 collocanda.
1335 1936 1522 1985 Deinde
1575 1937 1862 1987 Hebraistae

394 2019 465 2068 illi
501 2017 812 2074 arabizanteS,
857 2015 933 2079 qui
968 2015 1199 2063 arabicam
1234 2014 1439 2079 linguam
1475 2014 1861 2076 demoriebantur,

399 2113 493 2146 non
529 2101 847 2160 agnoverunt,
892 2092 1296 2158 lexicographiam
1338 2093 1568 2143 arabicam
1612 2094 1746 2142 tetris
1791 2101 1862 2143 te-

400 2175 559 2225 nebris
616 2174 939 2222 circumsusam
994 2187 1131 2230 esse,
1187 2187 1304 2234 quae
1349 2187 1410 2220 ne
1454 2172 1632 2220 nostris
1675 2173 1861 2237 quidem

397 2253 696 2320 temporibus,
734 2252 899 2316 quibus
944 2250 1194 2298 hebraicae
1235 2250 1425 2314 linguae
1471 2250 1717 2315 benignior
1762 2252 1862 2300 sor-

399 2340 511 2383 tuna
545 2331 731 2391 affulsit,
768 2330 1009 2396 dispulsae
1045 2335 1164 2377 sunt.
1235 2328 1322 2378 Sic
1355 2328 1525 2377 sactum
1561 2336 1649 2387 est,
1684 2335 1736 2378 ut
1769 2330 1862 2378 lin-

400 2429 496 2477 gua
529 2409 738 2467 arabica,
786 2409 927 2456 multo
972 2408 1052 2456 illa
1095 2412 1249 2455 aetate
1292 2406 1439 2455 minor
1481 2408 1712 2471 multoque
1763 2414 1862 2457 tra-

401 2490 621 2541 ctantium
657 2489 793 2554 culpa
828 2485 1341 2550 teneb1·icosior,cujus
1377 2487 1676 2550 grammatica
1709 2503 1861 2550 usque

401 2569 463 2619 ad
497 2567 766 2617 Ewaldum
799 2571 847 2614 et
882 2564 1239 2631 lexicographia
1272 2580 1420 2628 usque
1465 2564 1525 2612 ad
1569 2564 1693 2614 hunc
1737 2565 1859 2615 diem

402 2663 529 2698 mere
575 2645 859 2712 empirica
903 2644 1011 2703 suit,
1047 2642 1107 2691 ad
1142 2642 1398 2692 reseranda
1431 2643 1622 2707 linguae
1665 2650 1859 2694 sanctae
1895 2653 1904 2657 “

400 2726 659 2794 penetralia
722 2724 869 2773 instar
933 2722 1197 2772 claviculae
1260 2721 1530 2773 Salomonis
1591 2721 1857 2771 haberetur.

404 2805 537 2867 Quae
589 2802 774 2870 quidem
826 2819 974 2870 prava
1017 2801 1206 2867 linguae
1250 2800 1468 2853 arabicae
1509 2799 1858 2851 inconsiderate
