1956 3270
1034 113 1294 158 -4-.-

438 229 577 295 plina,
612 227 672 276 ad
707 243 839 291 quam
875 231 984 294 [per
1018 231 1166 276 semet
1205 227 1352 293 ipsam
1385 227 1699 294 imperfectam
1733 235 1781 278 et
1813 230 1888 279 in-

436 307 625 355 tellectu
668 305 928 369 difficilem)
977 306 1228 369 diligenter
1273 307 1624 355 examinandam
1670 325 1697 355 a
1731 325 1887 372 gram-

437 384 604 432 matica
633 389 680 433 et
715 384 913 434 historia
935 385 1124 448 linguae
1150 400 1209 432 ne
1234 384 1530 434 mediocriter
1557 385 1736 449 quidem
1758 391 1890 434 erant

435 462 662 510 instructi.
743 462 933 512 Certum
988 470 1062 511 est
1106 469 1280 523 autem,
1335 480 1462 511 suam
1508 465 1673 528 cuique
1717 466 1888 531 populo

436 541 662 603 linguam,
718 548 949 604 utcunque
1001 558 1145 589 sensu
1190 541 1383 604 quodam
1428 542 1583 589 subtili
1625 549 1671 591 et
1716 559 1887 593 arcano

435 618 602 666 ductus
647 636 734 667 usu
771 622 876 683 ejus
912 619 1137 678 excellat,
1182 620 1406 667 occultam
1443 627 1489 668 et
1524 620 1655 683 quasi
1691 623 1747 669 ab
1782 622 1888 687 ipsa

435 702 599 744 natura
632 697 886 745 involutam
923 713 1055 756 esse,
1099 696 1272 756 donec,
1314 699 1370 745 ab
1405 715 1492 745 usu
1528 699 1793 762 subjective
1829 700 1889 748 ad

434 775 866 840 contemplationem
892 775 1169 838 obJ'ectivam
1193 777 1355 836 elatus,
1388 776 1633 824 collatione
1658 779 1762 826 aliis
1785 794 1886 826 cum

432 852 607 916 linguis
642 853 873 914 instituta,
910 854 1207 917 grammatice
1241 870 1341 902 eam
1376 853 1600 917 indagare
1636 871 1692 903 ac
1727 862 1888 904 custo-

432 929 533 979 dire
568 930 785 979 ordiatur.
850 932 967 990 Quis
1000 932 1199 996 ignorat,
1236 939 1518 997 quantopere
1552 933 1689 981 Plato
1724 932 1887 995 [modo

434 1007 680 1075 Cratylum
725 1013 829 1073 ejus
876 1011 1101 1074 legeris),
1146 1017 1192 1059 et
1237 1011 1313 1074 qui
1357 1013 1461 1074 ejus
1506 1011 1626 1058 inter
1670 1010 1886 1059 Judaeos

433 1088 688 1136 simillimus
733 1089 950 1149 habetur,
995 1089 1349 1138 Alexandrinus
1385 1089 1521 1137 Philo
1556 1089 1603 1136 in
1639 1089 1886 1154 patriarum

430 1164 689 1229 linguarum
740 1167 1036 1232 expositione
1082 1168 1366 1228 caecutiant,
1412 1174 1484 1224 ut,
1513 1170 1794 1231 j0ce11tu1·ne
1828 1184 1888 1215 an

431 1242 492 1291 de
527 1246 666 1293 rebus
702 1246 840 1293 seriis
877 1246 1000 1294 serio
1035 1246 1300 1309 loquantur,
1343 1262 1493 1312 paene
1528 1245 1733 1293 nescias.
1802 1245 1886 1293 An

429 1338 523 1369 11011
557 1322 678 1371 inter
712 1323 951 1372 Romanos
979 1325 1049 1373 M.
1080 1326 1333 1373 Terentius
1362 1326 1518 1372 Varro
1555 1329 1601 1370 et
1635 1323 1887 1371 Juriscon-

429 1400 540 1448 sulti
573 1408 778 1463 veteres,
813 1418 917 1451 cum
952 1410 1108 1467 etyma
1143 1403 1472 1451 vocabulorum
1506 1401 1748 1448 latinorum
1769 1417 1886 1448 enu-

429 1479 585 1527 cleare
615 1486 863 1540 conantur,
900 1480 949 1528 id
985 1480 1107 1543 quod
1140 1481 1188 1529 111
1223 1481 1441 1544 Digestis
1485 1479 1779 1544 saepiuscule
1813 1479 1886 1526 sa-

429 1557 568 1618 ciunt,
603 1557 813 1607 homines
849 1559 1034 1608 scilicet
1069 1560 1205 1626 plane
1241 1559 1358 1607 satis
1392 1558 1516 1621 frugi
1551 1573 1607 1606 ac
1642 1558 1800 1616 sobrii,
1837 1557 1883 1605 in

427 1636 626 1683 maxima
661 1637 876 1686 siccitate
910 1638 1065 1686 furere
1099 1636 1350 1685 videntur?
1387 1636 1571 1684 Eodem
1614 1635 1751 1684 modo
1789 1638 1886 1683 tal-

427 1715 607 1762 mudici
637 1714 870 1774 doctores,
905 1732 1023 1779 quos
1057 1715 1276 1764 hebraice
1311 1714 1529 1778 loquendi
1560 1714 1886 1778 scribendique

426 1792 736 1858 peritissimos
784 1795 936 1843 fuisse
979 1794 1117 1842 facile
1165 1793 1424 1854 concedes,
1470 1793 1651 1856 quoties
1695 1793 1886 1857 linguae

425 1871 506 1919 vel
551 1871 688 1935 leges
733 1873 814 1920 vel
859 1873 1081 1936 origenes
1124 1874 1272 1938 palam
1315 1888 1577 1938 proponere
1611 1872 1787 1930 volunt,
1823 1871 1885 1920 ad

425 1948 735 1998 insulsitatem
770 1951 1055 2002 delabuntur.
1126 1952 1254 1999 Nam
1291 1950 1367 2014 qui
1401 1949 1601 1997 nondum
1639 1967 1716 2010 ea,
1750 1962 1883 2013 'quae

426 2027 599 2091 aliquot
633 2036 740 2094 post
768 2031 942 2078 seculis
964 2030 1149 2078 tractari
1172 2030 1456 2095 coepissent,
1492 2029 1790 2092 grannnatica
1810 2028 1885 2076 di-

425 2104 680 2166 dicissent,
726 2113 899 2156 tantum
942 2108 1033 2156 sibi
1074 2114 1428 2173 persuaserant,
1477 2114 1685 2170 quantum
1720 2106 1884 2155 admo-

424 2191 566 2233 nente
618 2192 780 2233 natura
833 2192 1176 2251 cognoverant,
1232 2203 1371 2250 quae,
1424 2202 1525 2234 cum
1580 2184 1784 2232 rationes
1836 2190 1884 2233 et

425 2279 595 2311 causas
637 2264 826 2328 linguae
872 2282 1015 2313 sensu
1060 2264 1256 2328 quodam
1301 2271 1479 2324 teneat,
1524 2263 1764 2329 explicare
1809 2269 1883 2312 ta-

425 2358 530 2389 men
574 2358 657 2389 eas
702 2360 793 2391 non
829 2350 998 2409 potest.
1067 2345 1122 2391 In
1168 2343 1429 2392 talmudicis
1476 2349 1603 2391 certe
1640 2341 1882 2391 codicibus

422 2419 579 2483 legum
623 2423 1020 2484 grammaticarum
1055 2439 1225 2470 sensus
1262 2421 1512 2470 acerrimus
1548 2426 1595 2467 et
1629 2420 1883 2468 subtilissi-

424 2515 525 2545 mus
560 2506 771 2565 apparet,
809 2518 901 2549 11011
934 2507 1096 2566 aperte
1131 2499 1337 2564 quidem,
1375 2499 1461 2548 sed
1496 2499 1760 2565 plerumque
1796 2500 1880 2547 ob-

423 2576 565 2623 tentis
609 2576 885 2626 fflidrasi
932 2579 1213 2639 involucris,
1278 2579 1356 2642 qui
1413 2594 1477 2626 ex
1527 2593 1695 2640 magna
1748 2584 1881 2643 parte

423 2656 839 2717 grammaticus
876 2663 950 2705 est
984 2673 1042 2705 ac
1076 2657 1498 2716 masoreticus3
1534 2653 1768 2703 fatendum
1804 2659 1880 2702 est

422 2738 600 2791 tamen,
646 2734 766 2782 istos
778 2772 790 2795 ,
837 2751 1158 2799 quaecunque,
1204 2735 1503 2800 grammatica
1546 2731 1757 2780 docmina
1791 2747 1879 2797 po-

422 2811 595 2862 sterius
629 2814 946 2880 comprobata,
989 2813 1214 2879 sagacius
1252 2813 1520 2872 innuerunt,
1567 2808 1878 2860 tantummodo
