1934 3259
637 97 934 143 *25-

63 218 310 287 dagandae
343 216 691 267 instrumentum
726 229 839 263 esse
865 211 1208 274 divinaverunt,
1243 213 1319 262 his
1354 214 1514 281 primis

62 299 284 369 periculis
319 299 677 353 maturaverunt,
713 293 759 341 in
797 309 854 341 eo
889 293 1207 358 periclitantes
1219 331 1231 355 ,
1279 294 1403 358 quod
1437 312 1515 343 ra-

60 380 196 428 dices
230 373 582 426 indissolubiles
618 379 666 420 et
701 372 833 435 quasi
868 378 1047 419 atomos
1076 373 1266 437 linguae
1302 372 1518 422 dividere

64 458 385 519 rationesque,
421 470 501 502 cur
544 452 637 500 hoc
678 450 856 499 illudve
900 450 1194 514 significent,
1240 452 1435 500 definire
1469 451 1516 500 h.

69 554 112 586 e.
148 536 306 584 intima
350 533 537 596 linguae
582 530 808 596 mysteria
852 530 1066 578 revelare
1113 529 1345 578 audebant
1378 530 1518 594 idque

67 632 160 664 non
203 615 283 661 via
327 609 643 667 historica,
686 609 731 656 h.
780 624 820 656 e.
874 608 931 655 ab
983 608 1195 655 externis
1243 614 1386 671 (quae
1432 610 1520 658 vix

66 694 458 757 degustaverant]
482 689 541 736 ad
563 688 783 737 interiora
804 693 1121 753 penetranteS,
1143 686 1230 735 sed
1253 687 1451 746 ideali,
1472 688 1518 736 h.

65 788 125 831 e.,
143 772 266 820 sacta
299 771 355 818 ab
383 768 695 828 interioribuS,
719 782 836 830 quae
862 765 962 813 suis
990 766 1276 829 conjecturis
1313 767 1521 815 assecuti

65 867 177 900 esse
197 849 286 898 sibi
307 848 595 907 videbantur,
618 846 678 894 ad
700 853 896 895 externa
924 844 1168 909 praecipiti
1204 846 1521 895 conclusione.

169 929 349 980 Contra
386 927 678 985 Gussetc'um,
725 926 801 988 qui
837 923 1223 989 comparationem
1258 924 1525 972 interiorem

66 1008 126 1057 ad
162 1009 339 1057 coelum
375 1006 559 1064 extulit,
596 1012 644 1054 et
679 1011 841 1053 contra
858 1004 941 1051 Jo.
964 1002 1206 1050 Dru-aium
1241 1008 1324 1065 [m.
1363 1002 1521 1066 1616)

69 1102 321 1149 omnesque
357 1085 540 1134 omnino
577 1101 676 1144 eos,
714 1084 790 1147 qui
833 1083 993 1131 literas
1022 1081 1243 1146 judaicas
1279 1081 1339 1129 ad
1375 1082 1527 1148 scrip-

69 1172 197 1214 turas
232 1163 563 1228 intelligendas
600 1162 772 1226 aliquid
807 1163 968 1210 valere
1001 1161 1399 1220 existimaverant,
1437 1178 1527 1210 ex-

71 1245 187 1293 stitit
222 1244 349 1293 Alb.
387 1242 714 1291 Scltultens
752 1245 834 1304 [m.
874 1240 1052 1303 1750),
1090 1240 1285 1289 scholae
1311 1241 1526 1304 belgicae

69 1330 244 1382 auctor,
280 1341 308 1370 a
342 1339 430 1385 quo
466 1338 528 1370 ex
564 1327 725 1370 nostra
759 1320 996 1368 notatione
1036 1319 1236 1383 quinta
1271 1318 1526 1367 studiorum

70 1400 388 1449 hebraicorum
434 1408 565 1448 aetas
611 1416 783 1448 exorsa
827 1406 915 1447 est.
995 1399 1090 1447 llic
1134 1398 1266 1462 quasi
1310 1398 1528 1446 furiarum

69 1479 223 1527 taedis
280 1479 548 1527 ardentibus
602 1478 893 1526 traditionem
949 1478 1293 1542 synagogalem
1336 1477 1528 1526 adortus

69 1563 158 1617 est,
195 1563 243 1605 et
278 1573 453 1617 omnes,
491 1557 567 1619 qui
604 1557 647 1605 ei
682 1557 911 1617 faverent,
942 1556 1207 1620 contagium
1230 1557 1530 1605 contraxisse

70 1637 416 1703 pronunciavit3
452 1635 532 1683 hic
566 1652 659 1683 non
695 1635 906 1683 oratione
942 1635 1234 1695 vehementi,
1283 1634 1371 1683 sed
1406 1635 1530 1683 toni-

70 1723 219 1763 truum
255 1715 411 1764 sonitu
445 1715 771 1777 sulminumque
810 1717 946 1778 jactu
991 1721 1292 1780 prosternere
1335 1721 1530 1763 conatus

71 1801 147 1843 est
182 1811 282 1854 605,
320 1795 410 1858 qui,
445 1794 682 1843 teterrimo
718 1809 1001 1858 synagogae
1038 1809 1196 1841 errore
1231 1793 1404 1853 imbuti,
1440 1794 1530 1840 lin-

71 1890 209 1937 guam
262 1874 524 1923 hebraicam
578 1889 759 1922 sacram
801 1889 858 1921 ac
911 1872 1306 1937 supernaturalem
1361 1878 1405 1920 et
1451 1873 1532 1921 vel

72 1952 386 2002 characterem
401 1955 505 2017 ejus
525 1959 734 2000 sanctum
755 1968 811 2000 ac
832 1951 1033 2017 priscum
1046 1968 1157 1999 esse
1178 1952 1529 2000 contenderent.

75 2031 149 2092 „O
186 2032 485 2081 incredibiles
521 2047 755 2080 excessus
792 2031 891 2093 (516
928 2031 1159 2078 exclamat
1195 2030 1241 2078 in
1278 2032 1434 2080 l‘raes.
1471 2029 1533 2079 ad

74 2111 276 2159 Graium.
322 2111 629 2170 Arabicam),
676 2110 721 2157 in
769 2126 886 2173 quos
931 2126 1102 2173 inagna
1145 2110 1282 2158 etiam
1324 2110 1532 2173 ingenia,

72 2190 258 2253 fulgore
297 2190 519 2254 Linymte
553 2195 598 2237 et
634 2188 928 2252 Scriptionis
949 2187 1169 2237 Sanctae
1190 2188 1366 2247 delusa,
1403 2188 1535 2236 abie-

73 2270 202 2317 runt!
274 2268 315 2318 Ο
352 2268 519 2328 tristia,
555 2267 707 2316 adhuc
743 2266 948 2331 quidem,
992 2267 1088 2314 sata
1130 2267 1400 2315 literaturae
1444 2265 1534 2315 he-

73 2347 282 2397 braicae!
321 2364 438 2412 quae
475 2364 538 2396 ex
573 2347 716 2410 longa
753 2345 1025 2412 captivitate
1059 2345 1529 2411 perreformationem

76 2442 314 2475 sacrorum
348 2426 540 2486 educta,
586 2425 809 2490 graviora
853 2441 961 2473 mox
1007 2425 1182 2473 sentire
1227 2424 1382 2490 coepit
1426 2423 1534 2472 vin·-

78 2505 205 2565 cnla,
242 2512 378 2568 atque
413 2507 499 2553 sub
545 2505 882 2553 Rccbbe'norum
924 2503 1200 2552 auctoritate
1246 2508 1416 2552 avecta
1461 2509 1535 2551 est

76 2583 122 2631 in
168 2584 477 2648 Babyloniam
516 2584 779 2648 judaicam,
822 2588 872 2630 ut
918 2581 1310 2630 Christianorum
1354 2596 1535 2645 quoque

78 2661 318 2711 doctorum
363 2680 504 2729 opera
549 2679 606 2711 36
649 2679 785 2710 manu
832 2659 1086 2710 commodis
1138 2661 1405 2710 subserviat
1449 2677 1536 2725 sy-

78 2757 298 2806 nagogae
332 2742 381 2790 in
417 2740 568 2805 Ephcc
603 2746 733 2789 sua«.
772 2740 902 2799 Quas
936 2739 1229 2806 Philippicas
1265 2740 1456 2798 serrem,
1492 2738 1535 2787 si

80 2834 266 2870 errores
302 2823 523 2886 majorum
559 2836 673 2872 vere
720 2817 1041 2887 reprobandos
1085 2817 1383 2884 coarguisset
1426 2824 1474 2867 et
1508 2833 1537 2865 a
