1934 3259
590 162 926 206 -167-

38 280 152 346 giuti
185 278 558 345 praepositiones
592 276 789 337 habere,
827 294 969 341 quae,
1005 280 1052 327 in
1088 280 1237 328 literis
1272 279 1484 328 finalibus

37 359 257 423 vulgares
310 355 569 422 euphoniae
622 355 761 420 leges
805 363 1022 417 secutae,
1076 359 1236 408 verbis
1288 358 1487 426 praefigi

38 438 189 486 solent
223 442 270 485 et
304 434 351 482 in
396 434 487 483 hac
523 433 860 500 compositione
894 435 1059 502 partim
1093 436 1486 501 significationem

34 516 168 584 plane
211 531 382 563 novam
425 512 649 578 gignunt,
692 513 856 579 partim
898 512 960 562 ad
1003 513 1097 563 vim
1133 516 1267 565 verbi
1301 531 1487 580 germa-

33 610 134 642 nam
167 591 427 657 augendam
461 591 774 640 tantummodo
808 592 1125 660 perpaululum
1155 595 1350 641 afferunt
1384 609 1487 642 mo-

33 671 183 720 menti.
252 671 345 719 His
379 670 824 738 praepositionibus,
870 687 989 736 quae
1023 671 1268 720 maximam
1310 677 1488 738 partem

33 750 281 817 'separatim
323 766 417 798 non
461 755 765 815 usurpantur,
810 766 1092 814 quarumque
1134 751 1214 799 vel
1257 749 1378 800 duae
1414 756 1486 799 at-

33 845 121 893 que
154 828 274 878 adeo
317 836 416 877 tres
459 826 608 877 radici
641 828 840 894 praefigi
874 836 1093 895 possunt,
1139 829 1325 878 nonnisi
1369 844 1487 897 quo-

32 907 286 957 dammodo,
326 905 614 976 l'eSPOIQ
657 907 870 974 praefixa
912 907 1330 974 praepositionalia
1373 923 1487 955 ver-

32 987 187 1054 bQu-gn
221 986 547 1035 semiticorum.
617 986 756 1036 Haec
790 986 912 1036 enim
947 986 1162 1036 differunt
1184 987 1376 1054 primum
1412 1001 1485 1047 60,

32 1064 154 1130 quod
187 1066 297 1115 mult
468 1066 478 1075 '
627 1072 723 1126 unt,
757 1071 820 1126 et,
855 1071 905 1113 ut
938 1065 1139 1126 videtur,
1174 1066 1322 1132 prima
1348 1081 1487 1132 prae-

28 1132 306 1210 positionum
339 1144 519 1193 illarum
551 1144 807 1212 pleniorum
854 1144 1031 1192 semina
1067 1144 1331 1193 ostendunt.
1403 1143 1488 1194 Si-

29 1221 212 1286 quidem
246 1223 641 1290 praepositionum
684 1222 1061 1273 sanscriticarum
1095 1224 1230 1285 aliae,
1264 1223 1377 1272 licet
1410 1240 1487 1271 ra-

29 1300 184 1351 dicum
236 1302 519 1363 simillimae,
581 1301 831 1368 phonetice
888 1307 1042 1352 tamen
1097 1302 1326 1351 adauctae
1378 1307 1488 1350 sunt

27 1380 186 1443 [velut
240 1382 364 1442 (ι-ίὶ,
419 1381 554 1445 a-pi,
610 1380 751 1439 a-b‘i,
806 1385 990 1445 cc-pa),
1043 1381 1163 1430 aliae
1217 1380 1489 1448 pronomina

27 1465 349 1507 assumserunt
386 1460 541 1521 (velut
575 1459 803 1521 εἶν-τί),
839 1461 919 1508 vel
954 1460 1076 1513 binis
1111 1476 1139 1509 6
1172 1459 1487 1528 praepositio-

27 1536 162 1586 nibus
220 1537 468 1603 primitivis
529 1538 578 1586 in
641 1555 780 1586 unam
833 1537 1157 1587 secundariam
1216 1539 1489 1588 coaluerunt

27 1616 185 1678 (velut
215 1617 402 1680 pcc-rel,
436 1618 604 1681 pcc-ri,
636 1634 763 1680 pra-—
739 1617 858 1679 42⁶).
927 1616 1115 1675 Deinde
1157 1618 1370 1684 praefixa
1404 1618 1486 1666 illa

27 1695 924 1762 serpiticadmdsso-atcmisfflmfflhis
959 1703 1315 1754 concreverunt,
1352 1714 1486 1761 quani

26 1773 74 1823 in
118 1774 292 1838 linguis
339 1773 656 1837 sanscriticis,
701 1773 749 1821 in
785 1773 976 1837 quibus,
1022 1774 1089 1822 uti
1124 1777 1225 1839 J'am
1273 1776 1404 1825 Vada
1439 1784 1486 1825 et

26 1852 339 1902 Zendcwesta
394 1852 666 1912 ostendunt,
721 1852 1007 1918 praepositio
1053 1853 1260 1903 verbalis
1302 1871 1330 1902 a
1374 1870 1487 1903 ver-

27 1931 108 1993 bo,
153 1931 415 1996 interJectis
461 1931 567 1979 aliis
610 1930 878 1991 vocabulis,
933 1931 1013 1980 vel
1056 1931 1268 1998 disjungi
1314 1940 1484 1999 potest.

26 2010 97 2059 At
129 2010 223 2059 etia
253 2011 461 2058 1⁰·110ua
498 2010 729 2058 sanserita
773 2009 1086 2060 obsoletorum
1131 2011 1312 2060 illorum
1347 2029 1487 2079 prae-

26 2089 245 2151 fixorum,
282 2106 399 2156 quae
436 2089 538 2138 sola
572 2106 663 2137 una
696 2077 832 2137 litera
867 2094 1084 2138 constant
1118 2096 1166 2138 et
1201 2107 1304 2139 cum
1338 2092 1486 2140 verbo

28 2167 89 2216 ad
121 2186 257 2216 unum
292 2168 425 2232 quasi
461 2184 632 2233 corpus
669 2174 910 2233 compacta
945 2174 1076 2228 sunt,
1113 2169 1197 2218 reli
1231 2170 1332 2218 uias
1368 2170 1487 2218 mul-

26 2247 87 2296 tis
129 2247 177 2296 in
219 2247 379 2297 verbis
415 2246 629 2304 exhibet,
675 2262 818 2309 quae,
876 2247 1169 2310 quantumvis
1213 2249 1486 2316 composita,

29 2343 59 2374 a
82 2326 395 2391 grammaticis
424 2326 545 2374 inter
570 2324 758 2373 radices
793 2325 941 2373 relata
975 2332 1097 2385 sunt,
1133 2344 1312 2391 usuque
1347 2329 1486 2377 etiam

31 2420 130 2454 cum
183 2423 264 2454 vv.
321 2404 610 2471 simplicibus
666 2410 933 2468 aequantur.
1018 2406 1262 2454 Nonnulla
1323 2407 1486 2456 horum
1544 2458 1550 2464 ,

29 2486 271 2536 verborum
305 2484 556 2548 antiquitus
592 2483 950 2549 compositorum
996 2489 1043 2532 et
1087 2483 1393 2534 radicibus
1439 2493 1486 2535 et

31 2563 323 2630 praefixis
373 2579 476 2612 cum
521 2562 756 2612 hebraicis
802 2562 1075 2626 concinunt,
1121 2579 1313 2629 quorum
1356 2571 1484 2614 certe

30 2642 200 2708 aliquot
234 2642 450 2709 exempla
482 2642 624 2694 liceat
657 2641 958 2709 apposuisse:

1507 1692 1547 1722 L
