1934 3259
616 103 671 112 —
727 77 800 122 47
858 102 914 113 .-

41 195 249 266 episcopi
284 193 406 261 Cyri
443 192 569 256 (420
610 222 666 230 —-
706 190 856 252 423),
894 189 1074 257 opinio,
1120 190 1197 255 qui
1242 206 1345 242 eum
1389 208 1496 241 ara..

40 277 231 328 maicam
265 274 469 338 linguam
505 271 814 320 semiticarum
850 269 1214 333 antiquissimam
1233 286 1345 320 esse
1380 286 1497 320 casu

39 362 88 406 et
120 353 308 403 fortuitu
349 350 664 401 intellexisset
707 349 778 411 ¹),
813 347 1152 397 hebraicam
1188 366 1281 398 non
1325 349 1497 416 populo

39 434 253 494 innatam,
291 431 378 481 sed
413 429 660 495 disciplina
682 426 843 476 divina
878 444 906 475 a
936 427 1083 475 Mose
1105 434 1346 493 acceptam
1382 444 1498 477 con-

41 512 203 562 tendit.
278 510 397 570 Quin
412 508 611 596 potius
628 523 690 556 ex
726 506 988 583 sciipturae
1022 505 1290 571 testimonio
1328 512 1375 555 et
1409 522 1499 555 ex-

40 589 299 658 perientiae
333 603 637 657 assensione
627 584 826 646 elucet
874 585 1078 649 linguam
1121 584 1405 650 primaevam
1449 584 1499 632 in

39 661 224 719 ceteras
259 682 427 716 recens
473 672 600 714 ortas
643 665 708 713 ita
752 664 1026 730 chspeuam
1045 662 1500 726 disseminatamque

39 763 167 807 esse,
203 734 266 806 ut,
301 745 413 794 licet
447 745 610 812 specie
646 725 843 793 externa
865 743 1008 807 longe
1027 741 1249 791 diversae
1284 742 1498 789 multum-

39 842 129 890 que
157 824 554 892 pronunciatione,
590 821 969 885 conformatione,
1005 820 1197 885 ingenio
1234 820 1501 884 disjunctae

39 920 97 953 ac
140 903 354 970 dispares
400 902 517 963 sint,
565 918 725 951 omnes
769 908 923 950 tamen
967 900 1158 948 vinculo
1202 898 1500 964 cognationis

40 982 420 1046 consanguineae
475 981 812 1030 contineantur.
901 978 1091 1027 Etenim
1137 994 1299 1027 omnes
1346 977 1500 1026 eidem

37 1061 333 1117 ,fundamento
381 1066 729 1127 superstructae
774 1064 879 1108 sunt
891 1095 904 1119 ,
952 1074 1112 1107 omnes
1155 1057 1325 1106 iisdem
1371 1056 1500 1105 radi-

39 1140 171 1190 cibus
191 1139 503 1205 stirpibusque
515 1139 784 1198 innituntur,
809 1137 1008 1186 omnium
1029 1136 1290 1186 subtemina
1313 1135 1500 1184 stamini

38 1218 191 1268 eidem
227 1224 334 1266 sunt
368 1218 559 1266 inserta.
630 1218 724 1266 Est
768 1217 875 1265 fons
918 1216 1066 1276 idem,
1114 1232 1176 1265 ex
1224 1231 1315 1279 quo
1358 1215 1500 1263 multa

38 1297 88 1346 in
106 1296 294 1346 brachia
317 1297 514 1346 diffusae
550 1313 710 1345 Omnes
730 1296 986 1356 fluxerunt3
1022 1311 1184 1343 semen
1201 1294 1339 1355 idem,
1377 1293 1502 1358 quod

40 1377 184 1440 longe
218 1376 402 1439 lateque
438 1393 649 1441 sparsum
685 1391 860 1436 omnes,
888 1382 1120 1438 utcunque
1140 1374 1301 1434 forma,
1340 1374 1501 1422 calore

41 1454 288 1518 habituque
332 1460 530 1503 externo
584 1453 846 1515 variantes,
892 1454 944 1503 vi
986 1453 1187 1518 ideaque
1231 1470 1318 1503 sua
1359 1452 1501 1501 insita

127 1659 168 1709 ¹]
199 1662 358 1706 Quaest.
390 1659 431 1697 in
462 1660 637 1699 Genesin
673 1662 735 1709 X,
767 1661 834 1699 60,
904 1661 1012 1700 Ποία
1053 1661 1212 1712 γλῶσσα
1249 1657 1501 1711 ἆρχαιοτὲρα,·

40 1729 110 1767 ubi
139 1740 253 1767 nmm.
282 1725 418 1779 Ἀδάμ,
448 1725 563 1776 Καὶν,
595 1723 730 1780 Ἅβελ,
761 1729 854 1767 Νῶε
883 1728 1043 1775 syriaca
1081 1739 1172 1764 esse
1209 1727 1323 1775 dicit,
1361 1739 1502 1775 nempe

39 1797 132 1845 quia
169 1797 445 1834 Antiochenus
484 1800 581 1835 erat.
649 1798 808 1834 Certum
858 1800 921 1833 est
969 1800 1120 1843 tamen,
1169 1805 1217 1831 ea
1254 1806 1370 1833 nmm.
1412 1806 1500 1832 cum

39 1865 185 1902 ceteris
214 1866 255 1901 in
286 1865 454 1901 Genesis
485 1864 677 1911 principio
709 1864 1019 1901 commemoratis
1047 1863 1181 1899 eodem
1206 1862 1297 1909 jure
1326 1863 1501 1899 aramai-

40 1944 101 1981 ca,
132 1936 248 1979 atque
279 1933 467 1968 hebraica
497 1933 575 1968 dici
605 1943 737 1981 posse,
768 1932 809 1969 id
840 1931 941 1979 quod
973 1932 1159 1967 evincere
1190 1931 1344 1967 studuit
1373 1934 1417 1969 S.
1448 1933 1498 1970 D.

39 2001 251 2048 Luzzatt0‚
282 2000 440 2048 Proleg.
473 2000 516 2047 g.
547 1999 617 2048 58,
646 2011 686 2038 n.
719 1999 756 2036 2.
786 1999 827 2036 3.
857 2001 914 2037 Ib.
946 1998 1011 2036 61.
1082 1996 1198 2049 Οἶμαι
1235 1994 1355 2050 αὐτὴν
1396 1994 1501 2050 ἱερὰν

36 2065 130 2106 εἶναι
159 2063 293 2118 φωνήν.
324 2061 454 2117 ὥσπερ
484 2063 555 2119 γάρ
586 2070 623 2106 ἐν
651 2075 730 2114 τοῖς
759 2068 957 2118 ἑλληνικοῖς
1003 2073 1106 2112 ναοῖς
1145 2065 1236 2105 ἴδιοί
1268 2080 1363 2112 τινες
1401 2060 1501 2117 ἦσαν

38 2136 273 2187 χαρακτῆρες
314 2131 568 2187 γραμμάτων,
608 2131 671 2181 οὕς
712 2132 921 2187 ἱερατικοὺς
958 2131 1260 2187 προσεγόρευον·
1298 2129 1399 2172 οὕτω
1436 2128 1499 2171 διὰ

38 2206 106 2241 τοῦ
136 2203 309 2248 ,Μωσέως
338 2200 358 2240 ὁ
391 2206 464 2241 τῶν
495 2198 593 2241 ὅλων
629 2200 724 2249 Θεὸς
755 2200 897 2254 ταύτην
945 2201 1057 2241 ἔδωκε
1098 2198 1164 2253 τὴν
1204 2203 1398 2253 γλῶτταν,
1439 2201 1499 2239 ὃι-

40 2266 221 2320 ὃακτὴν
267 2264 407 2317 οὖσαν,
457 2267 500 2308 οὐ
541 2267 764 2322 φυσικήν.
802 2267 994 2322 τοιγάρτοι
1033 2272 1108 2308 τῶν
1147 2264 1271 2307 ἄλλων
1320 2265 1501 2307 ἁπάντων

40 2333 138 2376 κατὰ
167 2334 236 2388 τήν
264 2340 338 2376 τῶν
374 2340 499 2376 ἐθνῶν
544 2341 580 2377 ἐν
621 2335 676 2385 οἷς
713 2332 760 2377 ἄν
797 2341 1009 2390 γεννηθεόσι
1047 2338 1314 2389 φθεγγομένων
1354 2332 1500 2387 φωνήν·

41 2405 103 2442 καὶ
132 2407 206 2443 τῶν
234 2404 299 2456 μὲν
336 2408 372 2444 ἐν
408 2403 548 2454 Ἰταλιά
586 2407 818 2456 τικτομένων,
858 2409 903 2456 τῇ
936 2403 1097 2445 Ἰταλῶν
1141 2406 1389 2456 κεχρημένων·
1425 2407 1502 2443 τῶν

43 2473 85 2509 δέ
111 2473 147 2509 ἐν
176 2474 222 2521 τῇ
247 2469 398 2511 Ἑλλάδι
426 2475 471 2523 τῇ
508 2470 711 2524 Ἑλλήνων·
742 2474 805 2511 καὶ
841 2475 917 2512 τῶν
955 2475 991 2512 ἐν
1032 2473 1196 2523 Περσίδι
1233 2474 1279 2520 τῇ
1322 2473 1500 2521 Περσῶν,

42 2538 104 2576 καὶ
133 2540 208 2576 τῶν
237 2540 273 2576 ἐν
310 2536 496 2590 Αἰγύπτῳ
536 2544 582 2591 τῇ
628 2540 862 2592 Αἰγυπτίων·
900 2537 948 2579 τὰ
984 2538 1166 2592 Ἑβραίων
1203 2539 1336 2577 παιδία
1375 2536 1418 2577 οὐ
1455 2540 1501 2588 τῇ

39 2602 223 2658 Ἑβραίων
261 2607 360 2644 ἐστὶν
399 2605 518 2659 εὑρεῖν
551 2604 670 2654 εὐθὺς
708 2611 915 2660 κεχρημένοι
957 2610 1083 2659 φωνῇ,
1128 2602 1228 2645 ἄλλα
1268 2608 1313 2656 τῇ
1356 2607 1500 2645 ἐκείνων

43 2675 123 2724 παῤ
154 2671 208 2718 οἷς
237 2670 499 2724 ἐγεννήθησαν·
531 2673 612 2713 εἶτα
640 2673 815 2728 μειράκια
834 2672 1012 2728 γενόμενα
1031 2670 1248 2713 διδάσκεται
1278 2674 1352 2711 τῶν
1382 2688 1499 2725 γραμ-

42 2735 176 2791 μάτων
213 2737 301 2786 τοὺς
340 2745 602 2794 χαρακτῆρας·
640 2741 828 2794 μανθάνει
874 2744 911 2782 δὲ
952 2740 1014 2782 διὰ
1051 2744 1125 2781 τῶν
1162 2735 1394 2795 γραμμάτων
1432 2737 1500 2792 τὴν

45 2808 157 2845 θείαν
187 2804 346 2860 γραφὴν,
375 2806 420 2858 τῇ
448 2806 613 2861 Ἐβραΐδι
641 2814 892 2863 γεγραμμένην
921 2813 1038 2863 φωνῇ.
