1934 3259
666 124 965 167 —53—

89 241 213 307 getis
247 239 427 307 plurimi
461 239 784 300 aestimantur,
829 239 897 288 uti
939 239 1164 291 formulae
1211 242 1319 291 illae
1365 240 1540 290 decan-

89 328 211 369 tatae
246 334 514 391 ῙΡΕὪΠΠἾΞ,
552 332 724 369 mum:
761 334 889 370 ἹῑνἹ-ῑῦ
926 325 1016 368 etc.
1054 321 1236 370 abunde
1274 320 1539 370 ostendunt.

86 400 237 449 Porro
278 397 464 446 traditio
511 396 849 462 comprehensa
900 404 974 446 est
1018 398 1065 446 in
1116 399 1379 449 Codicibus
1433 400 1540 447 tal-

86 475 824 550 ψ,
860 475 906 522 h.
945 492 986 524 e.
1021 477 1068 525 in
1107 479 1337 526 Talmude
1373 485 1420 526 et
1454 496 1541 544 pa-

86 556 360 604 laestinensi
395 561 442 604 et
476 554 754 619 babylonico
790 571 879 603 nec
913 571 1006 603 non
1041 555 1089 603 in
1133 556 1228 604 illis
1274 557 1540 617 Midrasim,

87 651 275 698 quorum
310 652 337 681 a
381 633 527 698 δέρω
570 640 617 681 et
659 632 794 698 Se'fre‘
835 637 903 695 (c.
951 633 1091 697 250.)
1138 651 1286 699 usque
1331 635 1391 682 ad
1434 635 1542 684 the-

85 730 267 761 saurum
302 711 532 776 hagadae,
566 712 776 778 Jalqutlc
818 711 1090 778 inscriptum
1137 716 1204 775 (c.
1253 713 1420 778 1250)
1466 715 1540 761 in-

85 808 206 856 gens
226 791 463 840 multitudo
484 791 667 840 exstitit
708 821 757 826 —
800 790 1066 839 traditionis
1103 793 1419 857 synagogalis
1456 810 1540 839 au-

84 887 195 919 reae
231 870 464 931 Catenae,
501 887 689 934 quarum
732 870 887 918 annuli
932 871 1185 919 artificiose
1230 879 1277 919 et
1322 879 1541 920 accurate

87 950 291 999 conserti
326 955 446 1009 sunt,
480 955 772 998 monumenta
805 949 1001 997 mirabili
1038 967 1180 1016 opere
1211 956 1470 1009 exstructa,

258 1060 315 1069 --
354 1027 568 1076 Phario
605 1028 872 1076 nutantia
907 1028 1175 1094 pondera
1210 1045 1375 1077 saxo.

183 1109 320 1157 Haec
354 1107 587 1155 volumina
622 1107 817 1171 bilingui
854 1108 1086 1167 oratione,
1132 1107 1177 1155 h.
1221 1124 1262 1156 e.
1310 1106 1539 1155 aramaica

85 1192 134 1236 et
166 1187 499 1246 neohebraica,
537 1192 751 1246 exarata,
798 1187 962 1249 quibus
1004 1186 1168 1235 literae
1205 1185 1430 1250 judaicae
1475 1186 1541 1234 nil

85 1266 256 1315 habent
304 1267 385 1314 vel
439 1263 735 1331 amplitudine
788 1265 868 1313 vel
913 1265 1147 1329 gravitate
1195 1265 1539 1331 praestabilius,

84 1345 254 1393 horrea
290 1344 424 1391 simul
459 1350 565 1391 sunt
600 1342 928 1408 capacissima,
974 1344 1138 1408 quibus
1184 1344 1370 1393 traditio
1417 1344 1540 1391 anti-

86 1439 196 1486 qua,
242 1432 476 1470 auctorum
520 1421 777 1469 nominibus
820 1439 1047 1486 nunquam
1093 1423 1307 1483 omissiS,
1351 1422 1540 1471 condita

83 1517 140 1549 ac
174 1501 381 1566 reposita
416 1506 502 1548 est.
574 1500 793 1563 Namque
828 1517 985 1549 eorum
1008 1502 1352 1565 allegoremata,
1389 1502 1540 1567 mythi

83 1595 139 1628 ac
184 1580 470 1643 glossemata
516 1579 921 1627 observationibus
968 1580 1307 1644 grammaticis,
1356 1581 1539 1629 lexica—

80 1658 200 1707 libus
236 1673 292 1706 ac
327 1657 634 1715 masoreticis,
671 1673 788 1720 quae
823 1674 886 1705 ex
922 1674 1067 1706 sensu
1101 1658 1396 1722 indigenitali
1430 1677 1539 1725 per-

81 1754 171 1800 que
206 1736 362 1784 subtili
396 1744 532 1799 atque
577 1753 666 1783 usu
708 1735 898 1800 linguae
944 1736 1294 1802 scripturaeque
1339 1739 1537 1786 familia-

81 1816 265 1864 rissimo
300 1815 547 1874 fluxerunt,
584 1820 660 1862 aut
697 1821 1018 1880 superstructa
1061 1824 1192 1876 sunt,
1240 1822 1317 1864 aut
1352 1817 1412 1865 ad
1448 1833 1533 1865 eas

81 1901 293 1957 tanquam
327 1892 602 1941 adminicula
637 1892 915 1941 adnituntur.
986 1894 1167 1942 Horum
1214 1911 1400 1960 operum
1438 1897 1538 1944 lec-

80 1974 207 2021 tione
257 1971 453 2020 adsidua
510 1972 740 2032 innutriti,
803 1972 1089 2036 grammatici
1146 1973 1267 2021 inter
1319 1974 1538 2023 Judaeos

81 2051 327 2117 complecti
362 2058 408 2099 et
443 2050 694 2116 disponere
739 2051 1007 2111 studebant,
1052 2068 1170 2115 quae
1225 2060 1414 2102 veteres
1462 2053 1538 2101 di.-

79 2131 406 2195 gressionibus
452 2130 552 2177 suis
604 2129 821 2196 disperse
866 2146 923 2178 ac
967 2130 1135 2178 diffuse
1180 2140 1537 2196 supposuerant.

78 2210 212 2258 Libri
282 2209 483 2256 rammati
615 2227 643 2255 n
679 2216 877 2274 (cupam)
900 2215 947 2257 et
972 2217 1280 2273 exegetarum
1315 2218 1536 2271 (numen)

79 2288 312 2336 tertium
348 2287 610 2346 traditionis
645 2287 820 2336 fontem
856 2288 1164 2346 constituunt,
1202 2291 1338 2352 cujus
1384 2296 1537 2338 tamer-

80 2367 244 2416 latices
279 2383 371 2416 non
406 2373 498 2415 tam
531 2366 722 2433 limpidi,
758 2367 926 2416 illimes
961 2373 1009 2416 et
1051 2367 1368 2435 imperturbati
1413 2375 1535 2416 suut.

81 2585 205 2623 ›73725
253 2584 374 2635 ηῆηγς
418 2574 636 2622 [Qidushin
665 2573 734 2623 49,
773 2575 845 2623 a.].
906 2575 1118 2612 Talmudes
1156 2574 1235 2621 ipsi
1274 2568 1536 2621 paraphrasi-

77 2643 151 2679 bus
183 2642 370 2678 Onkelosi
401 2648 437 2678 et
467 2645 653 2679 Jonatani
684 2645 822 2680 crebro
853 2645 1035 2691 utuntur,
1077 2643 1257 2689 inprimis
1292 2644 1383 2679 Rae>
1420 2640 1547 2689 Josef‘

79 2709 153 2757 (m.
184 2707 303 2756 325),
334 2710 447 2756 cujus
476 2715 611 2747 notum
642 2714 703 2747 est
740 2711 858 2747 illud:
898 2722 986 2773 κὴρ
1043 2720 1154 2757 'NJ-‚7
1207 2722 1339 2758 :5370
1386 2702 1534 2757 ⁸525&

79 2786 199 2838 572⁸?
238 2789 315 2823 ’Nm
352 2788 475 2829 ,χχ-,νην
513 2788 593 2828 mr,
631 2770 686 2826 &³7
720 2779 793 2828 (ad
824 2780 968 2817 Zekar.
1002 2778 1068 2827 12,
1101 2777 1168 2815 11.
1237 2779 1393 2827 Megila
1424 2778 1463 2825 3,
1495 2789 1531 2814 a.

78 2843 200 2881 Moru
229 2844 373 2892 qathan
405 2843 470 2893 28,
500 2846 560 2894 b.)
