1934 3259
614 90 912 134 -37-

40 209 201 270 maica,
239 206 468 257 Clam-nze
502 204 723 254 Peninim
757 204 982 272 inscripta
1019 205 1229 269 (1836),
1267 220 1355 271 qua
1399 222 1492 256 non

40 289 185 338 solum
231 285 460 352 principia
515 283 708 332 scholae
754 284 979 332 historice
1022 285 1287 350 analyticae
1333 292 1494 334 contra

39 368 235 433 impetus
271 361 468 412 Ewaldi
503 361 822 421 vindicantur,
860 362 948 411 sed
993 362 1128 410 etiam
1176 363 1388 412 doctrina
1433 364 1494 413 de

39 444 262 513 praefixis
295 440 576 500 verbalibus,
613 443 749 505 cujus
785 440 971 489 nonnisi
1014 441 1191 489 semina
1237 443 1366 508 operi
1411 460 1494 490 su-

39 522 210 591 periori
243 521 455 570 mandata
488 524 608 578 sunt,
646 520 876 586 exemplis
895 520 1102 585 plurimis
1120 520 1413 568 confirmatur
1434 524 1492 582 ¹).

39 602 273 651 Absoluta
356 597 718 648 chrestomathia
798 598 1048 646 Fuerstius
1122 596 1494 647 Concordzmtiis

39 678 386 745 Buattorficmis
421 676 574 725 denuo
611 675 809 725 edendis
844 683 987 725 totum
1024 692 1078 724 se
1108 675 1303 735 dedidit,
1325 694 1494 740 magno

37 758 246 825 profecto
298 757 428 823 operi
481 762 528 805 et
573 754 740 815 arduo,
787 754 1061 821 praesertim
1109 770 1209 802 cum
1255 754 1493 818 ingenium

38 836 232 885 editoris
287 850 662 901 progressusque
712 840 903 882 nostrae
957 832 1125 881 aetatis
1170 849 1262 880 non
1306 834 1494 893 seri-ent,

38 922 202 963 vetera
237 920 283 962 et
327 914 569 961 maximam
612 918 789 978 partem
834 913 1045 961 obsoleta
1088 927 1343 970 renovare,
1387 911 1495 974 quin

39 992 197 1052 simul,
244 1009 361 1056 quae
403 992 643 1059 praeclare
689 1009 717 1039 a
760 992 1012 1055 majoribus
1055 990 1273 1039 inchoata
1317 996 1494 1049 essent,

36 1070 273 1119 maturiori
308 1069 519 1118 doctrina
564 1071 772 1137 perfecta
816 1070 1144 1136 multiplicique
1190 1068 1363 1116 decore
1409 1084 1494 1116 cu-

36 1149 204 1196 mulata
236 1154 526 1214 apparerent,
604 1148 831 1197 Additum
878 1156 952 1197 est
996 1148 1138 1212 igitur
1182 1146 1494 1197 Concordan-

35 1227 115 1275 tiis
150 1227 340 1276 lexicon
376 1227 642 1276 hebraicum
678 1235 725 1276 et
761 1227 1063 1286 chaldaicum,
1102 1243 1190 1290 quo
1223 1243 1314 1274 non
1349 1242 1495 1291 posse

38 1306 338 1372 supersederi
372 1306 588 1354 viderunt
617 1309 716 1370 jam
749 1306 907 1355 Isacdc
938 1304 1115 1354 Natam
1166 1305 1370 1367 (1445),
1408 1305 1493 1352 Jo.

37 1383 335 1450 Buaelorfius
389 1383 577 1445 (1632)
625 1390 672 1432 et
718 1384 921 1433 illarius
965 1401 996 1433 a
1035 1383 1232 1432 Ccclase‘o
1289 1382 1492 1445 (1662),

36 1462 348 1512 neohebraice
383 1462 497 1511 illud
534 1462 753 1528 scriptum
787 1463 1016 1526 idemque,
1038 1462 1272 1509 nonnullis
1296 1462 1376 1509 vel
1406 1461 1493 1508 ad-

28 1540 177 1604 J‘ectis
212 1540 291 1587 vel
327 1540 529 1600 omissis,
566 1541 709 1589 latine
745 1557 1037 1606 expressum,
1073 1557 1162 1603 quo
1209 1540 1493 1604 significatio

36 1619 404 1681 uniuscujusque
438 1619 654 1666 vocabuli
692 1620 880 1679 eruitur,
917 1619 1310 1681 consequentibus
1357 1618 1493 1666 dein-

37 1714 150 1764 ceps
196 1698 452 1762 scripturae
495 1713 662 1746 sacrae
696 1697 831 1757 locis,
867 1697 914 1744 in
959 1697 1123 1760 quibus
1159 1698 1382 1757 occurrit,
1419 1697 1494 1744 id-

37 1792 126 1841 que
163 1792 219 1824 ea
253 1776 446 1839 ratione,
483 1782 546 1835 ut,
583 1783 800 1842 respecta
817 1775 965 1842 patria
994 1776 1210 1838 avitaque
1228 1774 1492 1835 traditione,

37 1856 227 1921 primum
262 1861 450 1920 etymon
487 1855 592 1902 sive
627 1854 765 1902 radix
801 1854 1273 1913 sanscritosemitica,
1321 1852 1493 1902 deinde

37 1932 351 1981 additamenta
385 1933 647 1992 sormativa,
683 1950 801 1996 quae
835 1932 1038 1981 radicem
1073 1938 1331 1999 propagant
1361 1935 1494 1996 ejus-

39 2028 127 2076 que
162 2011 257 2059 vim
292 2011 423 2060 varie
461 2011 744 2076 distingunt,
780 2028 873 2059 non
920 2012 1224 2075 conjecturali
1268 2012 1367 2071 via,
1405 2011 1494 2059 sed

37 2096 192 2139 certas
236 2089 296 2138 ad
348 2091 485 2154 leges
528 2090 896 2156 investigentur,
942 2096 1034 2137 tum
1080 2089 1287 2138 adhibito
1343 2106 1493 2137 voca-

37 2170 132 2220 buli
166 2186 255 2217 usu
291 2169 542 2235 multiplici,
579 2186 669 2232 quo
704 2170 753 2217 in
787 2169 1091 2218 monumentis
1137 2169 1370 2216 literarum
1405 2168 1492 2215 he-

35 2248 291 2298 braicarum
329 2247 538 2297 crebrius
573 2247 786 2296 rariusve
820 2254 1081 2313 usurpatur,
1103 2247 1368 2311 significata
1386 2250 1492 2310 ejus

36 2326 189 2387 varia,
242 2332 462 2390 quotquot
517 2342 580 2375 ex
630 2326 857 2375 communi
909 2326 1120 2390 ejusdem
1174 2326 1321 2391 etymi
1363 2326 1493 2373 sonte

37 2412 330 2471 promanant,
366 2422 458 2454 non
502 2410 593 2453 tam
640 2405 799 2469 logice
845 2404 1110 2471 dispertita,
1158 2421 1289 2468 quam
1339 2404 1491 2451 histo-

39 2482 137 2532 rice
182 2483 392 2533 ordinata
433 2490 777 2544 enumerantur,
823 2490 871 2532 et
916 2484 1151 2550 complura
1196 2482 1490 2548 adjiciuntur,

126 2676 167 2726 ¹)
206 2678 420 2725 Utrumque
457 2680 595 2717 horum
642 2680 829 2718 librorum
878 2679 963 2718 suis
994 2681 1231 2727 ponderibus
1267 2678 1491 2714 examinare

41 2748 205 2782 conatus
235 2757 321 2783 sum
356 2748 397 2783 in
435 2748 575 2784 ιῙαΙιηὶἰ
611 2749 835 2787 Annalibus
871 2749 1127 2797 philologieis
1165 2751 1203 2785 et
1239 2744 1492 2795 paedagogi-

42 2812 101 2851 εἰς
131 2812 255 2873 1836.
285 2826 324 2863 p.
354 2813 436 2852 379
473 2837 515 2844 —-
550 2814 645 2853 392.
