1934 3259
595 89 895 134 -35-

17 207 204 259 radices
239 223 267 254 a
302 204 536 272 stirpibuS,
573 219 727 252 ramos
772 221 801 251 a
846 203 1054 268 tegmine
1093 204 1329 266 soliorum,
1374 210 1475 254 sta-

19 304 123 337 men
166 304 194 333 a
239 284 520 344 subtemine,
566 289 616 331 ut
659 288 899 343 secernat,
947 282 1156 343 enititur,
1201 283 1341 347 idque
1385 300 1476 350 ope

19 364 232 431 analysis
269 363 329 411 ad
365 368 535 412 certam
555 361 748 409 rationis
771 377 973 409 normam
1009 360 1233 422 directae,
1264 379 1397 426 quam
1431 363 1475 411 si

19 444 140 494 scite
176 442 462 501 exercueris,
497 440 753 504 intelliges,
787 440 975 505 primam
1023 441 1219 488 omnium
1264 441 1476 505 antiqua-

18 541 116 572 rum
151 523 408 586 linguarum
442 520 676 567 materiam
714 536 826 567 esse
861 517 1087 582 quandam
1122 519 1328 567 radicum
1362 520 1476 568 tria-

19 601 138 662 dem,
161 617 362 661 numero,
397 600 556 658 forma,
594 597 937 662 significatione
974 598 1357 658 consentientem,
1394 616 1478 647 ae-

19 696 108 743 que
143 679 394 727 flexibilem
431 684 478 726 et
515 676 997 742 commutabilem,per
1022 692 1105 724 eas
1125 676 1312 740 linguas
1348 693 1476 724 com-

17 757 213 805 muniter
248 757 466 805 intentam
503 763 549 805 et
585 762 931 815 commeantem,
969 771 1033 802 ex
1069 771 1158 818 qua
1194 771 1356 803 omnes
1393 772 1477 804 ea-

17 853 115 884 rum
151 852 267 901 opes
302 852 358 884 ac
393 835 557 900 copiae
592 836 797 895 fluxere,
841 851 905 883 ex
952 851 1061 897 qua,
1108 834 1477 897 quantiscunque

17 915 346 963 vocabulorum
381 914 560 962 divitiis
597 913 822 973 diffluant,
859 913 1010 961 onmia
1031 919 1370 979 expresserunt
1405 919 1477 960 at-

18 1009 107 1057 que
154 995 428 1054 effecerunt,
484 993 564 1041 vel
617 994 665 1041 in
706 992 982 1041 formatione
1037 1008 1093 1040 ac
1137 991 1479 1058 propagatione

15 1072 184 1121 varia
219 1073 354 1136 leges
391 1088 718 1120 communes
755 1078 962 1120 secutae.
1032 1071 1139 1119 Hac
1160 1070 1345 1135 analysi
1376 1086 1479 1117 cum

17 1151 316 1200 semitismum
351 1168 486 1198 unam
521 1151 725 1215 linguam
761 1167 873 1199 esse
908 1150 1174 1213 intelliges,
1212 1151 1348 1212 cujus
1394 1148 1480 1196 tri—

17 1230 232 1295 geminae
267 1230 553 1296 propagines
590 1229 724 1296 stirpi
758 1229 910 1278 eidem
931 1230 1198 1289 innituntur,
1234 1235 1327 1275 tum
1362 1244 1479 1275 vero

19 1309 155 1357 etiam
192 1309 561 1356 sanscritismum
597 1309 642 1357 ei
678 1309 811 1372 quasi
846 1309 994 1357 tribus
1029 1308 1219 1374 paribus
1255 1306 1479 1354 lateribus

18 1387 286 1450 triquetrum
321 1387 624 1453 respondere.
696 1388 830 1455 Quae
863 1404 980 1451 vero
1018 1387 1183 1435 schola
1218 1385 1412 1433 ration
1427 1403 1481 1432 a-

18 1465 108 1525 lis
135 1465 380 1526 dictitavit,
418 1472 692 1529 structuram
729 1465 971 1513 semitismi
1007 1465 1358 1531 simpliciorem,
1394 1464 1481 1512 1111-

16 1544 351 1594 mutabiliorem
397 1550 443 1591 et
489 1545 851 1592 constantiorem
907 1561 1042 1604 esse,
1096 1561 1226 1607 quam
1272 1542 1482 1591 sanseri-

17 1623 142 1671 tismi
189 1622 444 1688 perfectius
480 1622 680 1682 exculti,
716 1639 870 1688 porro,
908 1613 1209 1670 semitismuni
1244 1638 1328 1687 per
1362 1622 1387 1668 s
1393 1638 1419 1669 o
1432 1639 1481 1668 r-

17 1701 318 1751 mationem
345 1693 584 1761 radicum,
622 1716 739 1763 quae
785 1701 835 1747 fit
890 1701 1054 1766 partim
1100 1701 1202 1748 sola
1247 1700 1481 1748 vocalium

16 1781 198 1830 interna
209 1779 555 1839 vicissitudine,
568 1779 733 1845 partim
746 1785 941 1827 externa
952 1779 1339 1828 incrementorum
1350 1779 1483 1826 inse-

17 1859 287 1928 parabilium
305 1858 600 1917 accessione,
621 1857 990 1905 sanseritismum
1003 1864 1164 1906 contra
1178 1858 1315 1906 etiam
1334 1874 1361 1905 c
1374 1874 1482 1905 om-

18 1938 326 2006 positione
360 1937 690 1985 vocabulorum
713 1936 1053 1985 dissolubilium
1081 1936 1348 2002 propagari,
1368 1952 1484 1999 quo-

18 2034 118 2066 rum
138 2015 353 2064 notiones
364 2015 443 2063 vel
455 2015 811 2064 subordinantur
822 2016 902 2064 vel
925 2014 1382 2076 coordinantur3tum
1403 2032 1484 2063 se-

18 2096 201 2145 miticas
213 2095 399 2159 linguas
419 2093 710 2143 sanseriticis
731 2094 777 2142 in
790 2094 1129 2160 propagatione
1145 2094 1352 2143 radicum
1372 2110 1485 2142 ver-

20 2175 186 2227 balium
200 2181 247 2223 et
264 2174 493 2223 vocalium
508 2172 644 2239 copia
662 2179 709 2221 et
724 2173 850 2237 legis
873 2173 1199 2237 aequabilitate
1220 2178 1484 2239 praestare3

21 2254 222 2318 denique
257 2254 305 2302 in
340 2253 416 2301 his
453 2252 640 2301 radices
677 2253 896 2301 verbales
945 2253 1283 2319 compositione
1330 2250 1483 2315 magis

21 2333 338 2400 spiritualiter,
372 2332 419 2380 in
455 2332 551 2380 illis
589 2331 954 2380 conformatione
990 2332 1143 2396 magis
1179 2330 1485 2398 corporaliter

22 2412 292 2477 amplificari
344 2442 393 2448 —
445 2410 590 2472 haec,
636 2410 822 2475 analysi
867 2411 948 2458 illa
992 2410 1228 2470 instituta,
1272 2426 1395 2457 vana
1438 2413 1486 2456 et

23 2491 218 2540 confusa
253 2507 363 2539 esse
407 2490 697 2556 reperiuntur
741 2506 995 2553 omnesque
1039 2490 1352 2538 semiticarum
1393 2487 1482 2534 lin-

22 2586 213 2637 guarum
248 2577 342 2618 tum
382 2569 581 2616 virtutes
626 2575 718 2616 tum
762 2567 978 2616 desectus
1022 2568 1082 2616 ad
1125 2568 1315 2616 nihilum
1361 2566 1486 2614 reci-

23 2648 150 2697 dunt.
220 2650 474 2697 Praetereo
510 2647 602 2696 hoc
646 2648 755 2695 loco
801 2648 892 2696 alia
936 2648 1128 2696 inventa
1169 2646 1289 2695 ,Iulii
1332 2645 1487 2693 Fuer-

24 2728 117 2790 stii,
154 2745 270 2792 quae
306 2728 366 2776 ad
401 2725 777 2790 investigandam
813 2728 1018 2792 linguam
1038 2727 1277 2793 plurimum
1311 2724 1486 2781 valent,

24 2807 172 2856 veluti
205 2808 456 2857 vanitatem
498 2806 747 2856 verborum
782 2797 835 2866 §¹37
871 2814 919 2856 et
954 2795 1007 2864 ip,
1045 2823 1162 2871 quae
1198 2801 1486 2869 grammatici

1184 2882 1216 2924 3
1240 2886 1258 2908 *
