<?xml version="1.0" encoding="UTF-8"?>
<!DOCTYPE html PUBLIC "-//W3C//DTD XHTML 1.0 Transitional//EN"
    "http://www.w3.org/TR/xhtml1/DTD/xhtml1-transitional.dtd">
<html xmlns="http://www.w3.org/1999/xhtml" xml:lang="en" lang="en">
 <head>
  <title>
</title>
<meta http-equiv="Content-Type" content="text/html;charset=utf-8" />
  <meta name='ocr-system' content='tesseract 3.04.00' />
  <meta name='ocr-capabilities' content='ocr_page ocr_carea ocr_par ocr_line ocrx_word'/>
</head>
<body>
  <div class='ocr_page' id='page_1' title='image "./jesurunsiveprole00deliuoft/jesurunsiveprole00deliuoft_0046.png"; bbox 0 0 1956 3270; ppageno 0'>
   <div class='ocr_carea' id='block_1_1' title="bbox 1017 110 1318 156">
    <p class='ocr_par' dir='ltr' id='par_1_1' title="bbox 1017 110 1318 156">
     <span class='ocr_line' id='line_1_1' title="bbox 1017 110 1318 156; baseline -0.013 -8"><span class='ocrx_word' id='word_1_1' title='bbox 1017 110 1318 156; x_wconf 39' lang='lat' dir='ltr'>—1Sffl</span> 
     </span>
    </p>
   </div>
   <div class='ocr_carea' id='block_1_2' title="bbox 439 227 1956 2891">
    <p class='ocr_par' dir='ltr' id='par_1_2' title="bbox 439 227 1956 1864">
     <span class='ocr_line' id='line_1_2' title="bbox 439 227 1953 302; baseline -0.005 -19"><span class='ocrx_word' id='word_1_2' title='bbox 439 232 717 302; x_wconf 79' lang='lat' dir='ltr'>pendentem</span> <span class='ocrx_word' id='word_1_3' title='bbox 764 234 813 279; x_wconf 88' lang='lat' dir='ltr'>et</span> <span class='ocrx_word' id='word_1_4' title='bbox 852 227 1223 293; x_wconf 83' lang='lat' dir='ltr'>terminologiam</span> <span class='ocrx_word' id='word_1_5' title='bbox 1259 243 1416 276; x_wconf 88' lang='lat' dir='ltr'>eorum</span> <span class='ocrx_word' id='word_1_6' title='bbox 1445 227 1713 278; x_wconf 81' lang='lat' dir='ltr'>inculcasse</span> <span class='ocrx_word' id='word_1_7' title='bbox 1747 233 1794 277; x_wconf 89' lang='lat' dir='ltr'>et</span> <span class='ocrx_word' id='word_1_8' title='bbox 1827 227 1898 276; x_wconf 89' lang='lat' dir='ltr'>al-</span> <span class='ocrx_word' id='word_1_9' title='bbox 1951 247 1953 287; x_wconf 69' lang='lat'><em>5</em></span> 
     </span>
     <span class='ocr_line' id='line_1_3' title="bbox 443 302 1954 376; baseline -0.005 -15"><span class='ocrx_word' id='word_1_10' title='bbox 443 312 705 376; x_wconf 85' lang='lat' dir='ltr'>quantulum</span> <span class='ocrx_word' id='word_1_11' title='bbox 766 308 982 358; x_wconf 87' lang='lat' dir='ltr'>Kabalae</span> <span class='ocrx_word' id='word_1_12' title='bbox 1055 307 1192 355; x_wconf 91' lang='lat' dir='ltr'>nobis</span> <span class='ocrx_word' id='word_1_13' title='bbox 1275 306 1537 356; x_wconf 89' lang='lat' dir='ltr'>obtrusisse</span> <span class='ocrx_word' id='word_1_14' title='bbox 1613 305 1851 356; x_wconf 81' lang='lat' dir='ltr'>concedes</span> <span class='ocrx_word' id='word_1_15' title='bbox 1870 305 1898 353; x_wconf 68' lang='grc' dir='ltr'>’Ξ</span> <span class='ocrx_word' id='word_1_16' title='bbox 1951 302 1954 360; x_wconf 48' lang='grc' dir='ltr'><em>ᾗ</em></span> 
     </span>
     <span class='ocr_line' id='line_1_4' title="bbox 443 380 1953 452; baseline -0.004 -14"><span class='ocrx_word' id='word_1_17' title='bbox 443 390 632 447; x_wconf 89' lang='lat' dir='ltr'>Omitto,</span> <span class='ocrx_word' id='word_1_18' title='bbox 669 392 839 451; x_wconf 88' lang='lat' dir='ltr'>quanta</span> <span class='ocrx_word' id='word_1_19' title='bbox 874 385 1110 435; x_wconf 86' lang='lat' dir='ltr'>ecclesiae</span> <span class='ocrx_word' id='word_1_20' title='bbox 1141 384 1336 449; x_wconf 89' lang='lat' dir='ltr'>ignavia</span> <span class='ocrx_word' id='word_1_21' title='bbox 1378 401 1441 433; x_wconf 88' lang='lat' dir='ltr'>ex</span> <span class='ocrx_word' id='word_1_22' title='bbox 1476 401 1535 433; x_wconf 92' lang='lat' dir='ltr'>eo</span> <span class='ocrx_word' id='word_1_23' title='bbox 1571 385 1900 452; x_wconf 82' lang='lat' dir='ltr'>conspiciatur,</span> <span class='ocrx_word' id='word_1_24' title='bbox 1952 380 1953 418; x_wconf 77' lang='lat'>1</span> 
     </span>
     <span class='ocr_line' id='line_1_5' title="bbox 445 463 1901 532; baseline -0.004 -16"><span class='ocrx_word' id='word_1_25' title='bbox 445 467 570 532; x_wconf 87' lang='lat' dir='ltr'>quod</span> <span class='ocrx_word' id='word_1_26' title='bbox 613 466 844 515; x_wconf 73' lang='lat' dir='ltr'>Santes</span> <span class='ocrx_word' id='word_1_27' title='bbox 896 464 1219 527; x_wconf 70' lang='lat' dir='ltr'>Pccynz’nus</span> <span class='ocrx_word' id='word_1_28' title='bbox 1273 463 1610 512; x_wconf 88' lang='lat' dir='ltr'>Dominicanus</span> <span class='ocrx_word' id='word_1_29' title='bbox 1665 463 1714 513; x_wconf 90' lang='lat' dir='ltr'>in</span> <span class='ocrx_word' id='word_1_30' title='bbox 1747 463 1901 523; x_wconf 87' lang='lat' dir='ltr'>Italia,</span> 
     </span>
     <span class='ocr_line' id='line_1_6' title="bbox 444 541 1953 609; baseline -0.003 -14"><span class='ocrx_word' id='word_1_31' title='bbox 444 545 710 596; x_wconf 82' lang='lat' dir='ltr'>Beuchlino</span> <span class='ocrx_word' id='word_1_32' title='bbox 747 549 900 592; x_wconf 87' lang='lat' dir='ltr'>aetate</span> <span class='ocrx_word' id='word_1_33' title='bbox 935 543 1134 609; x_wconf 89' lang='lat' dir='ltr'>paullum</span> <span class='ocrx_word' id='word_1_34' title='bbox 1168 541 1386 602; x_wconf 88' lang='lat' dir='ltr'>inferior,</span> <span class='ocrx_word' id='word_1_35' title='bbox 1421 543 1595 608; x_wconf 89' lang='lat' dir='ltr'>primus</span> <span class='ocrx_word' id='word_1_36' title='bbox 1640 548 1748 609; x_wconf 88' lang='lat' dir='ltr'>post</span> <span class='ocrx_word' id='word_1_37' title='bbox 1781 541 1903 590; x_wconf 85' lang='lat' dir='ltr'>Hie-</span> <span class='ocrx_word' id='word_1_38' title='bbox 1952 568 1953 571; x_wconf 59' lang='lat'><em>=</em></span> 
     </span>
     <span class='ocr_line' id='line_1_7' title="bbox 444 620 1903 690; baseline -0.004 -17"><span class='ocrx_word' id='word_1_39' title='bbox 444 642 687 690; x_wconf 75' lang='lat' dir='ltr'>ronymum</span> <span class='ocrx_word' id='word_1_40' title='bbox 741 621 972 686; x_wconf 80' lang='lat' dir='ltr'>integrum</span> <span class='ocrx_word' id='word_1_41' title='bbox 1027 620 1238 670; x_wconf 76' lang='lat' dir='ltr'>codicem</span> <span class='ocrx_word' id='word_1_42' title='bbox 1292 620 1556 670; x_wconf 86' lang='lat' dir='ltr'>hebraicum</span> <span class='ocrx_word' id='word_1_43' title='bbox 1611 620 1658 668; x_wconf 91' lang='lat' dir='ltr'>in</span> <span class='ocrx_word' id='word_1_44' title='bbox 1712 620 1903 668; x_wconf 85' lang='lat' dir='ltr'>latinum</span> 
     </span>
     <span class='ocr_line' id='line_1_8' title="bbox 446 699 1902 762; baseline -0.004 -11"><span class='ocrx_word' id='word_1_45' title='bbox 446 719 708 752; x_wconf 86' lang='lat' dir='ltr'>sermonem</span> <span class='ocrx_word' id='word_1_46' title='bbox 751 700 1009 760; x_wconf 69' lang='lat' dir='ltr'>transtulit,</span> <span class='ocrx_word' id='word_1_47' title='bbox 1066 699 1267 758; x_wconf 79' lang='lat' dir='ltr'>Qimchii</span> <span class='ocrx_word' id='word_1_48' title='bbox 1322 700 1439 752; x_wconf 90' lang='lat' dir='ltr'>libro</span> <span class='ocrx_word' id='word_1_49' title='bbox 1490 699 1723 759; x_wconf 89' lang='lat' dir='ltr'>radicum,</span> <span class='ocrx_word' id='word_1_50' title='bbox 1769 714 1902 762; x_wconf 89' lang='lat' dir='ltr'>quem</span> 
     </span>
     <span class='ocr_line' id='line_1_9' title="bbox 445 774 1904 847; baseline -0.004 -18"><span class='ocrx_word' id='word_1_51' title='bbox 445 781 622 847; x_wconf 89' lang='lat' dir='ltr'>passim</span> <span class='ocrx_word' id='word_1_52' title='bbox 656 780 776 828; x_wconf 85' lang='lat' dir='ltr'>male</span> <span class='ocrx_word' id='word_1_53' title='bbox 810 778 1056 838; x_wconf 85' lang='lat' dir='ltr'>intellexit,</span> <span class='ocrx_word' id='word_1_54' title='bbox 1093 777 1281 842; x_wconf 82' lang='lat' dir='ltr'>adjutus</span> <span class='ocrx_word' id='word_1_55' title='bbox 1317 777 1521 840; x_wconf 79' lang='lat'>(1527).</span> <span class='ocrx_word' id='word_1_56' title='bbox 1589 776 1737 836; x_wconf 86' lang='lat' dir='ltr'>Illud,</span> <span class='ocrx_word' id='word_1_57' title='bbox 1780 774 1904 840; x_wconf 86' lang='lat' dir='ltr'>quod</span> 
     </span>
     <span class='ocr_line' id='line_1_10' title="bbox 448 855 1956 923; baseline -0.005 -14"><span class='ocrx_word' id='word_1_58' title='bbox 448 859 606 909; x_wconf 86' lang='lat' dir='ltr'>auditu</span> <span class='ocrx_word' id='word_1_59' title='bbox 636 857 893 923; x_wconf 86' lang='lat' dir='ltr'>jucundius</span> <span class='ocrx_word' id='word_1_60' title='bbox 929 863 1017 915; x_wconf 86' lang='lat' dir='ltr'>est,</span> <span class='ocrx_word' id='word_1_61' title='bbox 1055 855 1301 915; x_wconf 88' lang='lat' dir='ltr'>contendo,</span> <span class='ocrx_word' id='word_1_62' title='bbox 1322 856 1512 920; x_wconf 81' lang='lat' dir='ltr'>linguae</span> <span class='ocrx_word' id='word_1_63' title='bbox 1533 855 1785 905; x_wconf 86' lang='lat' dir='ltr'>hebraicae</span> <span class='ocrx_word' id='word_1_64' title='bbox 1821 870 1905 903; x_wconf 90' lang='lat' dir='ltr'>co-</span> <span class='ocrx_word' id='word_1_65' title='bbox 1952 855 1956 859; x_wconf 83' lang='grc'><strong><em>’</em></strong></span> 
     </span>
     <span class='ocr_line' id='line_1_11' title="bbox 446 933 1956 1004; baseline -0.005 -18"><span class='ocrx_word' id='word_1_66' title='bbox 446 939 704 1004; x_wconf 86' lang='lat' dir='ltr'>gnitionem</span> <span class='ocrx_word' id='word_1_67' title='bbox 738 936 829 985; x_wconf 87' lang='lat' dir='ltr'>hac</span> <span class='ocrx_word' id='word_1_68' title='bbox 865 951 1047 999; x_wconf 91' lang='lat' dir='ltr'>quoque</span> <span class='ocrx_word' id='word_1_69' title='bbox 1081 941 1235 983; x_wconf 89' lang='lat' dir='ltr'>aetate</span> <span class='ocrx_word' id='word_1_70' title='bbox 1270 933 1606 998; x_wconf 88' lang='lat' dir='ltr'>quodammodo</span> <span class='ocrx_word' id='word_1_71' title='bbox 1651 939 1905 999; x_wconf 83' lang='lat' dir='ltr'>promotam</span> <span class='ocrx_word' id='word_1_72' title='bbox 1952 943 1956 946; x_wconf 86' lang='grc'><em>·</em></span> 
     </span>
     <span class='ocr_line' id='line_1_12' title="bbox 446 1011 1906 1080; baseline -0.005 -14"><span class='ocrx_word' id='word_1_73' title='bbox 446 1033 560 1066; x_wconf 81' lang='lat' dir='ltr'>esse</span> <span class='ocrx_word' id='word_1_74' title='bbox 596 1023 643 1065; x_wconf 92' lang='lat' dir='ltr'>et</span> <span class='ocrx_word' id='word_1_75' title='bbox 678 1014 929 1064; x_wconf 88' lang='lat' dir='ltr'>ecclesiam</span> <span class='ocrx_word' id='word_1_76' title='bbox 962 1013 1130 1080; x_wconf 87' lang='lat' dir='ltr'>pedem</span> <span class='ocrx_word' id='word_1_77' title='bbox 1175 1030 1268 1062; x_wconf 91' lang='lat' dir='ltr'>non</span> <span class='ocrx_word' id='word_1_78' title='bbox 1312 1013 1557 1070; x_wconf 86' lang='lat' dir='ltr'>retulisse,</span> <span class='ocrx_word' id='word_1_79' title='bbox 1603 1011 1715 1072; x_wconf 89' lang='lat' dir='ltr'>sed,</span> <span class='ocrx_word' id='word_1_80' title='bbox 1759 1028 1906 1075; x_wconf 86' lang='lat' dir='ltr'>quan-</span> 
     </span>
     <span class='ocr_line' id='line_1_13' title="bbox 446 1091 1906 1155; baseline -0.005 -10"><span class='ocrx_word' id='word_1_81' title='bbox 446 1095 620 1145; x_wconf 81' lang='lat' dir='ltr'>tumvis</span> <span class='ocrx_word' id='word_1_82' title='bbox 664 1095 789 1143; x_wconf 88' lang='lat' dir='ltr'>lente</span> <span class='ocrx_word' id='word_1_83' title='bbox 832 1109 889 1142; x_wconf 88' lang='lat' dir='ltr'>ac</span> <span class='ocrx_word' id='word_1_84' title='bbox 923 1091 1223 1152; x_wconf 81' lang='lat' dir='ltr'>tardiuscule,</span> <span class='ocrx_word' id='word_1_85' title='bbox 1259 1091 1556 1140; x_wconf 89' lang='lat' dir='ltr'>nihilominus</span> <span class='ocrx_word' id='word_1_86' title='bbox 1600 1096 1752 1145; x_wconf 84' lang='lat' dir='ltr'>tamen</span> <span class='ocrx_word' id='word_1_87' title='bbox 1794 1105 1906 1155; x_wconf 90' lang='lat' dir='ltr'>per-</span> 
     </span>
     <span class='ocr_line' id='line_1_14' title="bbox 447 1169 1908 1241; baseline -0.005 -18"><span class='ocrx_word' id='word_1_88' title='bbox 447 1173 662 1241; x_wconf 88' lang='lat' dir='ltr'>pauculis</span> <span class='ocrx_word' id='word_1_89' title='bbox 697 1173 917 1239; x_wconf 90' lang='lat' dir='ltr'>passibus</span> <span class='ocrx_word' id='word_1_90' title='bbox 952 1171 1219 1239; x_wconf 87' lang='lat' dir='ltr'>protulisse.</span> <span class='ocrx_word' id='word_1_91' title='bbox 1288 1171 1416 1218; x_wconf 90' lang='lat' dir='ltr'>Nam</span> <span class='ocrx_word' id='word_1_92' title='bbox 1453 1169 1660 1219; x_wconf 87' lang='lat' dir='ltr'>ecclesia</span> <span class='ocrx_word' id='word_1_93' title='bbox 1695 1185 1787 1217; x_wconf 92' lang='lat' dir='ltr'>non</span> <span class='ocrx_word' id='word_1_94' title='bbox 1825 1184 1908 1216; x_wconf 92' lang='lat' dir='ltr'>so-</span> 
     </span>
     <span class='ocr_line' id='line_1_15' title="bbox 445 1243 1956 1317; baseline -0.005 -15"><span class='ocrx_word' id='word_1_95' title='bbox 445 1254 539 1302; x_wconf 88' lang='lat' dir='ltr'>lum</span> <span class='ocrx_word' id='word_1_96' title='bbox 595 1251 938 1317; x_wconf 87' lang='lat' dir='ltr'>grammaticam</span> <span class='ocrx_word' id='word_1_97' title='bbox 1001 1256 1072 1299; x_wconf 65' lang='lat' dir='ltr'>et⁴</span> <span class='ocrx_word' id='word_1_98' title='bbox 1102 1248 1506 1314; x_wconf 85' lang='lat' dir='ltr'>lexicographiam</span> <span class='ocrx_word' id='word_1_99' title='bbox 1562 1247 1828 1296; x_wconf 89' lang='lat' dir='ltr'>hebraicam</span> <span class='ocrx_word' id='word_1_100' title='bbox 1879 1263 1909 1294; x_wconf 92' lang='lat' dir='ltr'>a</span> <span class='ocrx_word' id='word_1_101' title='bbox 1952 1243 1956 1305; x_wconf 63' lang='grc' dir='ltr'>,ζ</span> 
     </span>
     <span class='ocr_line' id='line_1_16' title="bbox 446 1326 1908 1398; baseline -0.005 -17"><span class='ocrx_word' id='word_1_102' title='bbox 446 1347 702 1398; x_wconf 87' lang='lat' dir='ltr'>synagoga</span> <span class='ocrx_word' id='word_1_103' title='bbox 735 1329 929 1378; x_wconf 87' lang='lat' dir='ltr'>mutuari</span> <span class='ocrx_word' id='word_1_104' title='bbox 964 1327 1134 1394; x_wconf 85' lang='lat' dir='ltr'>coepit,</span> <span class='ocrx_word' id='word_1_105' title='bbox 1171 1326 1258 1376; x_wconf 87' lang='lat' dir='ltr'>sed</span> <span class='ocrx_word' id='word_1_106' title='bbox 1294 1328 1431 1376; x_wconf 89' lang='lat' dir='ltr'>etiam</span> <span class='ocrx_word' id='word_1_107' title='bbox 1467 1342 1569 1375; x_wconf 88' lang='lat' dir='ltr'>cum</span> <span class='ocrx_word' id='word_1_108' title='bbox 1589 1326 1808 1374; x_wconf 87' lang='lat' dir='ltr'>Judaeos</span> <span class='ocrx_word' id='word_1_109' title='bbox 1843 1341 1908 1373; x_wconf 86' lang='lat' dir='ltr'>ex</span> 
     </span>
     <span class='ocr_line' id='line_1_17' title="bbox 446 1402 1955 1477; baseline -0.005 -18"><span class='ocrx_word' id='word_1_110' title='bbox 446 1410 653 1477; x_wconf 89' lang='lat' dir='ltr'>ipsorum</span> <span class='ocrx_word' id='word_1_111' title='bbox 698 1407 889 1473; x_wconf 89' lang='lat' dir='ltr'>scriptis</span> <span class='ocrx_word' id='word_1_112' title='bbox 933 1406 1219 1455; x_wconf 84' lang='lat' dir='ltr'>convincere</span> <span class='ocrx_word' id='word_1_113' title='bbox 1265 1406 1433 1464; x_wconf 69' lang='lat' dir='ltr'>vellet,</span> <span class='ocrx_word' id='word_1_114' title='bbox 1480 1411 1773 1453; x_wconf 87' lang='lat' dir='ltr'>monumenta</span> <span class='ocrx_word' id='word_1_115' title='bbox 1815 1403 1910 1452; x_wconf 89' lang='lat' dir='ltr'>Ju-</span> <span class='ocrx_word' id='word_1_116' title='bbox 1951 1402 1955 1469; x_wconf 65' lang='grc' dir='ltr'>ξ</span> 
     </span>
     <span class='ocr_line' id='line_1_18' title="bbox 446 1481 1954 1550; baseline -0.005 -13"><span class='ocrx_word' id='word_1_117' title='bbox 446 1489 669 1537; x_wconf 87' lang='lat' dir='ltr'>daeorum</span> <span class='ocrx_word' id='word_1_118' title='bbox 703 1485 1016 1534; x_wconf 86' lang='lat' dir='ltr'>neohebraica</span> <span class='ocrx_word' id='word_1_119' title='bbox 1050 1483 1288 1550; x_wconf 85' lang='lat' dir='ltr'>inspicere</span> <span class='ocrx_word' id='word_1_120' title='bbox 1324 1489 1490 1532; x_wconf 85' lang='lat' dir='ltr'>coacta</span> <span class='ocrx_word' id='word_1_121' title='bbox 1534 1489 1658 1543; x_wconf 86' lang='lat' dir='ltr'>erat,</span> <span class='ocrx_word' id='word_1_122' title='bbox 1706 1481 1766 1531; x_wconf 92' lang='lat' dir='ltr'>de</span> <span class='ocrx_word' id='word_1_123' title='bbox 1807 1482 1911 1546; x_wconf 84' lang='lat' dir='ltr'>qui·</span> <span class='ocrx_word' id='word_1_124' title='bbox 1951 1513 1954 1541; x_wconf 47' lang='grc' dir='ltr'><strong>ε</strong></span> 
     </span>
     <span class='ocr_line' id='line_1_19' title="bbox 447 1549 1954 1628; baseline -0.006 -11"><span class='ocrx_word' id='word_1_125' title='bbox 447 1569 561 1625; x_wconf 89' lang='lat' dir='ltr'>bus,</span> <span class='ocrx_word' id='word_1_126' title='bbox 603 1563 939 1614; x_wconf 83' lang='lat' dir='ltr'>incredibiliter</span> <span class='ocrx_word' id='word_1_127' title='bbox 985 1562 1210 1628; x_wconf 86' lang='lat' dir='ltr'>deinceps</span> <span class='ocrx_word' id='word_1_128' title='bbox 1256 1562 1434 1622; x_wconf 89' lang='lat' dir='ltr'>auctis,</span> <span class='ocrx_word' id='word_1_129' title='bbox 1478 1562 1619 1609; x_wconf 73' lang='lat' dir='ltr'>alttnn</span> <span class='ocrx_word' id='word_1_130' title='bbox 1667 1567 1741 1610; x_wconf 85' lang='lat' dir='ltr'>est</span> <span class='ocrx_word' id='word_1_131' title='bbox 1785 1560 1909 1627; x_wconf 86' lang='lat' dir='ltr'>apud</span> <span class='ocrx_word' id='word_1_132' title='bbox 1952 1549 1954 1560; x_wconf 53' lang='lat'>¹</span> 
     </span>
     <span class='ocr_line' id='line_1_20' title="bbox 447 1638 1956 1713; baseline -0.005 -18"><span class='ocrx_word' id='word_1_133' title='bbox 447 1653 608 1713; x_wconf 86' lang='lat' dir='ltr'>patres</span> <span class='ocrx_word' id='word_1_134' title='bbox 644 1643 892 1692; x_wconf 88' lang='lat' dir='ltr'>silentium.</span> <span class='ocrx_word' id='word_1_135' title='bbox 962 1642 1072 1690; x_wconf 91' lang='lat' dir='ltr'>Hoc</span> <span class='ocrx_word' id='word_1_136' title='bbox 1106 1641 1370 1705; x_wconf 80' lang='lat' dir='ltr'>intelliges,</span> <span class='ocrx_word' id='word_1_137' title='bbox 1415 1640 1457 1688; x_wconf 89' lang='lat' dir='ltr'>si</span> <span class='ocrx_word' id='word_1_138' title='bbox 1504 1638 1772 1705; x_wconf 68' lang='lat' dir='ltr'>Dialoyum</span> <span class='ocrx_word' id='word_1_139' title='bbox 1815 1640 1910 1688; x_wconf 91' lang='lat' dir='ltr'>Ju-</span> <span class='ocrx_word' id='word_1_140' title='bbox 1951 1650 1956 1709; x_wconf 53' lang='grc' dir='ltr'>ξ</span> 
     </span>
     <span class='ocr_line' id='line_1_21' title="bbox 448 1719 1954 1787; baseline -0.005 -13"><span class='ocrx_word' id='word_1_141' title='bbox 448 1725 561 1774; x_wconf 88' lang='lat' dir='ltr'>stini</span> <span class='ocrx_word' id='word_1_142' title='bbox 572 1722 806 1787; x_wconf 75' lang='lat' dir='ltr'>Martyris</span> <span class='ocrx_word' id='word_1_143' title='bbox 829 1719 1166 1784; x_wconf 66' lang='lat' dir='ltr'>crinileyiorze</span> <span class='ocrx_word' id='word_1_144' title='bbox 1179 1719 1329 1768; x_wconf 65' lang='lat' dir='ltr'>Fidei</span> <span class='ocrx_word' id='word_1_145' title='bbox 1345 1719 1616 1779; x_wconf 82' lang='lat' dir='ltr'>contuleris,</span> <span class='ocrx_word' id='word_1_146' title='bbox 1640 1735 1703 1767; x_wconf 86' lang='lat' dir='ltr'>ex</span> <span class='ocrx_word' id='word_1_147' title='bbox 1718 1735 1806 1782; x_wconf 91' lang='lat' dir='ltr'>quo</span> <span class='ocrx_word' id='word_1_148' title='bbox 1820 1735 1910 1768; x_wconf 87' lang='lat' dir='ltr'>ex-</span> <span class='ocrx_word' id='word_1_149' title='bbox 1951 1722 1954 1736; x_wconf 93' lang='grc'><strong>’</strong></span> 
     </span>
     <span class='ocr_line' id='line_1_22' title="bbox 448 1797 1956 1864; baseline -0.003 -13"><span class='ocrx_word' id='word_1_150' title='bbox 448 1803 628 1852; x_wconf 85' lang='lat' dir='ltr'>cellens</span> <span class='ocrx_word' id='word_1_151' title='bbox 652 1807 698 1848; x_wconf 88' lang='lat' dir='ltr'>et</span> <span class='ocrx_word' id='word_1_152' title='bbox 710 1799 964 1864; x_wconf 84' lang='lat' dir='ltr'>singularis</span> <span class='ocrx_word' id='word_1_153' title='bbox 971 1797 1264 1863; x_wconf 84' lang='lat' dir='ltr'>judaicarum</span> <span class='ocrx_word' id='word_1_154' title='bbox 1278 1798 1510 1846; x_wconf 90' lang='lat' dir='ltr'>literarum</span> <span class='ocrx_word' id='word_1_155' title='bbox 1521 1798 1722 1847; x_wconf 84' lang='lat' dir='ltr'>scientia</span> <span class='ocrx_word' id='word_1_156' title='bbox 1742 1799 1910 1848; x_wconf 84' lang='lat' dir='ltr'>elucet.</span> <span class='ocrx_word' id='word_1_157' title='bbox 1950 1804 1956 1830; x_wconf 62' lang='lat'>¹</span> 
     </span>
    </p>

    <p class='ocr_par' dir='ltr' id='par_1_3' title="bbox 448 1876 1956 2891">
     <span class='ocr_line' id='line_1_23' title="bbox 584 1876 1956 1944; baseline 0.001 -18"><span class='ocrx_word' id='word_1_158' title='bbox 584 1878 768 1937; x_wconf 82' lang='lat' dir='ltr'>Vides,</span> <span class='ocrx_word' id='word_1_159' title='bbox 814 1877 1020 1941; x_wconf 89' lang='lat' dir='ltr'>linguam</span> <span class='ocrx_word' id='word_1_160' title='bbox 1072 1876 1336 1925; x_wconf 83' lang='lat' dir='ltr'>hebraicam</span> <span class='ocrx_word' id='word_1_161' title='bbox 1388 1893 1539 1940; x_wconf 88' lang='lat' dir='ltr'>usque</span> <span class='ocrx_word' id='word_1_162' title='bbox 1589 1876 1650 1925; x_wconf 87' lang='lat' dir='ltr'>ad</span> <span class='ocrx_word' id='word_1_163' title='bbox 1703 1883 1911 1944; x_wconf 80' lang='lat' dir='ltr'>tempora</span> <span class='ocrx_word' id='word_1_164' title='bbox 1951 1876 1956 1927; x_wconf 71' lang='grc' dir='ltr'><strong>ί</strong></span> 
     </span>
     <span class='ocr_line' id='line_1_24' title="bbox 448 1945 1956 2021; baseline -0.003 -13"><span class='ocrx_word' id='word_1_165' title='bbox 448 1957 803 2009; x_wconf 87' lang='lat' dir='ltr'>instaurationis</span> <span class='ocrx_word' id='word_1_166' title='bbox 841 1955 1077 2005; x_wconf 88' lang='lat' dir='ltr'>ecclesiae</span> <span class='ocrx_word' id='word_1_167' title='bbox 1111 1954 1388 2004; x_wconf 85' lang='lat' dir='ltr'>domesticis</span> <span class='ocrx_word' id='word_1_168' title='bbox 1424 1972 1708 2021; x_wconf 84' lang='lat' dir='ltr'>synagogae</span> <span class='ocrx_word' id='word_1_169' title='bbox 1742 1956 1912 2005; x_wconf 90' lang='lat' dir='ltr'>finibus</span> <span class='ocrx_word' id='word_1_170' title='bbox 1951 1945 1956 1998; x_wconf 67' lang='grc' dir='ltr'>ἶ</span> 
     </span>
     <span class='ocr_line' id='line_1_25' title="bbox 449 2034 1911 2101; baseline -0.003 -14"><span class='ocrx_word' id='word_1_171' title='bbox 449 2054 508 2087; x_wconf 92' lang='lat' dir='ltr'>se</span> <span class='ocrx_word' id='word_1_172' title='bbox 541 2035 778 2096; x_wconf 75' lang='lat' dir='ltr'>tennisse3</span> <span class='ocrx_word' id='word_1_173' title='bbox 822 2034 1045 2101; x_wconf 85' lang='lat' dir='ltr'>perpauci</span> <span class='ocrx_word' id='word_1_174' title='bbox 1091 2034 1292 2098; x_wconf 85' lang='lat' dir='ltr'>singulis</span> <span class='ocrx_word' id='word_1_175' title='bbox 1338 2034 1515 2083; x_wconf 88' lang='lat' dir='ltr'>seculis</span> <span class='ocrx_word' id='word_1_176' title='bbox 1565 2035 1762 2101; x_wconf 86' lang='lat' dir='ltr'>privatis</span> <span class='ocrx_word' id='word_1_177' title='bbox 1810 2042 1911 2084; x_wconf 88' lang='lat' dir='ltr'>stu-</span> 
     </span>
     <span class='ocr_line' id='line_1_26' title="bbox 450 2099 1954 2179; baseline -0.002 -14"><span class='ocrx_word' id='word_1_178' title='bbox 450 2116 545 2165; x_wconf 88' lang='lat' dir='ltr'>diis</span> <span class='ocrx_word' id='word_1_179' title='bbox 580 2115 702 2165; x_wconf 89' lang='lat' dir='ltr'>enisi</span> <span class='ocrx_word' id='word_1_180' title='bbox 722 2120 843 2174; x_wconf 81' lang='lat' dir='ltr'>sunt,</span> <span class='ocrx_word' id='word_1_181' title='bbox 878 2120 928 2161; x_wconf 86' lang='lat' dir='ltr'>ut</span> <span class='ocrx_word' id='word_1_182' title='bbox 963 2129 1065 2161; x_wconf 85' lang='lat' dir='ltr'>eam</span> <span class='ocrx_word' id='word_1_183' title='bbox 1098 2113 1146 2161; x_wconf 92' lang='lat' dir='ltr'>in</span> <span class='ocrx_word' id='word_1_184' title='bbox 1168 2113 1522 2179; x_wconf 87' lang='lat' dir='ltr'>possessionem</span> <span class='ocrx_word' id='word_1_185' title='bbox 1544 2114 1779 2164; x_wconf 85' lang='lat' dir='ltr'>ecclesiae</span> <span class='ocrx_word' id='word_1_186' title='bbox 1812 2122 1911 2163; x_wconf 86' lang='lat' dir='ltr'>tra·</span> <span class='ocrx_word' id='word_1_187' title='bbox 1950 2099 1954 2116; x_wconf 19' lang='grc' dir='ltr'>ἢ</span> 
     </span>
     <span class='ocr_line' id='line_1_27' title="bbox 449 2190 1913 2258; baseline -0.003 -13"><span class='ocrx_word' id='word_1_188' title='bbox 449 2195 691 2245; x_wconf 87' lang='lat' dir='ltr'>ducerent.</span> <span class='ocrx_word' id='word_1_189' title='bbox 762 2192 1095 2257; x_wconf 83' lang='lat' dir='ltr'>Praeterlapsa</span> <span class='ocrx_word' id='word_1_190' title='bbox 1130 2200 1238 2240; x_wconf 85' lang='lat' dir='ltr'>sunt</span> <span class='ocrx_word' id='word_1_191' title='bbox 1273 2190 1534 2255; x_wconf 90' lang='lat' dir='ltr'>quindecim</span> <span class='ocrx_word' id='word_1_192' title='bbox 1578 2194 1762 2254; x_wconf 81' lang='lat' dir='ltr'>secula,</span> <span class='ocrx_word' id='word_1_193' title='bbox 1808 2194 1913 2258; x_wconf 89' lang='lat' dir='ltr'>qui-</span> 
     </span>
     <span class='ocr_line' id='line_1_28' title="bbox 448 2269 1953 2339; baseline -0.002 -15"><span class='ocrx_word' id='word_1_194' title='bbox 448 2274 537 2325; x_wconf 91' lang='lat' dir='ltr'>bus</span> <span class='ocrx_word' id='word_1_195' title='bbox 605 2269 914 2339; x_wconf 81' lang='lat' dir='ltr'>perferendae</span> <span class='ocrx_word' id='word_1_196' title='bbox 990 2270 1180 2335; x_wconf 80' lang='lat' dir='ltr'>linguae</span> <span class='ocrx_word' id='word_1_197' title='bbox 1241 2270 1491 2320; x_wconf 89' lang='lat' dir='ltr'>hebraicae</span> <span class='ocrx_word' id='word_1_198' title='bbox 1552 2270 1602 2318; x_wconf 90' lang='lat' dir='ltr'>in</span> <span class='ocrx_word' id='word_1_199' title='bbox 1663 2272 1953 2321; x_wconf 66' lang='lat' dir='ltr'>ecclesiam&#39;</span> 
     </span>
     <span class='ocr_line' id='line_1_29' title="bbox 449 2349 1912 2409; baseline -0.001 -9"><span class='ocrx_word' id='word_1_200' title='bbox 449 2353 536 2400; x_wconf 82' lang='lat' dir='ltr'>vix</span> <span class='ocrx_word' id='word_1_201' title='bbox 573 2350 750 2399; x_wconf 86' lang='lat' dir='ltr'>initium</span> <span class='ocrx_word' id='word_1_202' title='bbox 784 2350 956 2398; x_wconf 79' lang='lat' dir='ltr'>sactmn</span> <span class='ocrx_word' id='word_1_203' title='bbox 991 2356 1088 2409; x_wconf 80' lang='lat' dir='ltr'>est3</span> <span class='ocrx_word' id='word_1_204' title='bbox 1131 2349 1372 2397; x_wconf 78' lang='lat' dir='ltr'>renovatis</span> <span class='ocrx_word' id='word_1_205' title='bbox 1417 2355 1569 2397; x_wconf 87' lang='lat' dir='ltr'>autem</span> <span class='ocrx_word' id='word_1_206' title='bbox 1614 2365 1716 2398; x_wconf 89' lang='lat' dir='ltr'>cum</span> <span class='ocrx_word' id='word_1_207' title='bbox 1761 2352 1912 2400; x_wconf 84' lang='lat' dir='ltr'>refor-</span> 
     </span>
     <span class='ocr_line' id='line_1_30' title="bbox 450 2427 1911 2495; baseline 0 -17"><span class='ocrx_word' id='word_1_208' title='bbox 450 2430 653 2479; x_wconf 84' lang='lat' dir='ltr'>matione</span> <span class='ocrx_word' id='word_1_209' title='bbox 695 2429 954 2495; x_wconf 87' lang='lat' dir='ltr'>scripturae</span> <span class='ocrx_word' id='word_1_210' title='bbox 990 2444 1156 2477; x_wconf 88' lang='lat' dir='ltr'>sacrae</span> <span class='ocrx_word' id='word_1_211' title='bbox 1202 2427 1392 2488; x_wconf 78' lang='lat' dir='ltr'>studiiS,</span> <span class='ocrx_word' id='word_1_212' title='bbox 1440 2427 1576 2476; x_wconf 89' lang='lat' dir='ltr'>etiam</span> <span class='ocrx_word' id='word_1_213' title='bbox 1620 2428 1781 2494; x_wconf 90' lang='lat' dir='ltr'>lingua</span> <span class='ocrx_word' id='word_1_214' title='bbox 1824 2429 1911 2478; x_wconf 91' lang='lat' dir='ltr'>he-</span> 
     </span>
     <span class='ocr_line' id='line_1_31' title="bbox 450 2506 1912 2574; baseline -0.002 -15"><span class='ocrx_word' id='word_1_215' title='bbox 450 2509 609 2559; x_wconf 87' lang='lat' dir='ltr'>braica</span> <span class='ocrx_word' id='word_1_216' title='bbox 665 2506 897 2557; x_wconf 89' lang='lat' dir='ltr'>contentis</span> <span class='ocrx_word' id='word_1_217' title='bbox 950 2507 1227 2570; x_wconf 87' lang='lat' dir='ltr'>collatisque</span> <span class='ocrx_word' id='word_1_218' title='bbox 1281 2506 1462 2556; x_wconf 83' lang='lat' dir='ltr'>viribus</span> <span class='ocrx_word' id='word_1_219' title='bbox 1506 2508 1697 2556; x_wconf 87' lang='lat' dir='ltr'>tractari</span> <span class='ocrx_word' id='word_1_220' title='bbox 1743 2514 1912 2574; x_wconf 85' lang='lat' dir='ltr'>coepta</span> 
     </span>
     <span class='ocr_line' id='line_1_32' title="bbox 454 2585 1912 2651; baseline -0.001 -15"><span class='ocrx_word' id='word_1_221' title='bbox 454 2594 552 2645; x_wconf 88' lang='lat' dir='ltr'>est,</span> <span class='ocrx_word' id='word_1_222' title='bbox 589 2593 682 2634; x_wconf 91' lang='lat' dir='ltr'>tum</span> <span class='ocrx_word' id='word_1_223' title='bbox 725 2586 772 2634; x_wconf 90' lang='lat' dir='ltr'>in</span> <span class='ocrx_word' id='word_1_224' title='bbox 819 2585 1041 2635; x_wconf 79' lang='lat' dir='ltr'>ecclesiis</span> <span class='ocrx_word' id='word_1_225' title='bbox 1081 2585 1469 2651; x_wconf 81' lang='lat' dir='ltr'>protestantibuS,</span> <span class='ocrx_word' id='word_1_226' title='bbox 1505 2592 1598 2634; x_wconf 86' lang='lat' dir='ltr'>tum</span> <span class='ocrx_word' id='word_1_227' title='bbox 1632 2586 1681 2634; x_wconf 94' lang='lat' dir='ltr'>in</span> <span class='ocrx_word' id='word_1_228' title='bbox 1725 2603 1912 2635; x_wconf 85' lang='lat' dir='ltr'>romana</span> 
     </span>
     <span class='ocr_line' id='line_1_33' title="bbox 451 2655 1952 2731; baseline 0.001 -17"><span class='ocrx_word' id='word_1_229' title='bbox 451 2666 632 2715; x_wconf 84' lang='lat' dir='ltr'>illarum</span> <span class='ocrx_word' id='word_1_230' title='bbox 666 2665 878 2731; x_wconf 85' lang='lat' dir='ltr'>impulsu,</span> <span class='ocrx_word' id='word_1_231' title='bbox 915 2664 982 2713; x_wconf 85' lang='lat' dir='ltr'>uti</span> <span class='ocrx_word' id='word_1_232' title='bbox 1017 2663 1158 2713; x_wconf 82' lang='lat' dir='ltr'>docet</span> <span class='ocrx_word' id='word_1_233' title='bbox 1193 2665 1455 2731; x_wconf 82' lang='lat' dir='ltr'>exemplum</span> <span class='ocrx_word' id='word_1_234' title='bbox 1502 2663 1715 2714; x_wconf 72' lang='lat' dir='ltr'>leomae</span> <span class='ocrx_word' id='word_1_235' title='bbox 1762 2664 1911 2729; x_wconf 71' lang='lat' dir='ltr'>CaJe-</span> <span class='ocrx_word' id='word_1_236' title='bbox 1947 2655 1952 2687; x_wconf 45' lang='grc' dir='ltr'>ἕ</span> 
     </span>
     <span class='ocr_line' id='line_1_34' title="bbox 453 2743 1913 2810; baseline -0.002 -17"><span class='ocrx_word' id='word_1_237' title='bbox 453 2745 560 2793; x_wconf 76' lang='lat' dir='ltr'>tani</span> <span class='ocrx_word' id='word_1_238' title='bbox 600 2746 682 2804; x_wconf 84' lang='lat' dir='ltr'>(m.</span> <span class='ocrx_word' id='word_1_239' title='bbox 720 2743 904 2806; x_wconf 80' lang='lat'>1535),</span> <span class='ocrx_word' id='word_1_240' title='bbox 941 2743 1041 2809; x_wconf 89' lang='lat' dir='ltr'>qui,</span> <span class='ocrx_word' id='word_1_241' title='bbox 1088 2748 1390 2810; x_wconf 87' lang='lat' dir='ltr'>posteaquam</span> <span class='ocrx_word' id='word_1_242' title='bbox 1435 2760 1535 2793; x_wconf 87' lang='lat' dir='ltr'>cum</span> <span class='ocrx_word' id='word_1_243' title='bbox 1579 2743 1791 2792; x_wconf 90' lang='lat' dir='ltr'>Luthero</span> <span class='ocrx_word' id='word_1_244' title='bbox 1825 2744 1913 2791; x_wconf 88' lang='lat' dir='ltr'>im-</span> 
     </span>
     <span class='ocr_line' id='line_1_35' title="bbox 453 2821 1910 2891; baseline -0.001 -20"><span class='ocrx_word' id='word_1_245' title='bbox 453 2838 681 2891; x_wconf 86' lang='lat' dir='ltr'>prospere</span> <span class='ocrx_word' id='word_1_246' title='bbox 733 2823 961 2889; x_wconf 82' lang='lat' dir='ltr'>litigavit,</span> <span class='ocrx_word' id='word_1_247' title='bbox 1016 2839 1045 2873; x_wconf 89' lang='lat' dir='ltr'>a</span> <span class='ocrx_word' id='word_1_248' title='bbox 1089 2822 1230 2874; x_wconf 87' lang='lat' dir='ltr'>docto</span> <span class='ocrx_word' id='word_1_249' title='bbox 1276 2822 1473 2888; x_wconf 85' lang='lat' dir='ltr'>quodam</span> <span class='ocrx_word' id='word_1_250' title='bbox 1516 2821 1730 2885; x_wconf 82' lang='lat' dir='ltr'>Judaeo,</span> <span class='ocrx_word' id='word_1_251' title='bbox 1777 2837 1910 2886; x_wconf 89' lang='lat' dir='ltr'>quem</span> 
     </span>
    </p>
   </div>
   <div class='ocr_carea' id='block_1_3' title="bbox 1936 2367 1956 3270">
    <p class='ocr_par' dir='ltr' id='par_1_4' title="bbox 1936 2367 1956 3270">
     <span class='ocr_line' id='line_1_36' title="bbox 1936 2367 1956 3270; baseline 0 0"><span class='ocrx_word' id='word_1_252' title='bbox 1936 2367 1956 3270; x_wconf 95' lang='lat' dir='ltr'> </span> 
     </span>
    </p>
   </div>
  </div>
 </body>
</html>
