<?xml version="1.0" encoding="UTF-8"?>
<!DOCTYPE html PUBLIC "-//W3C//DTD XHTML 1.0 Transitional//EN"
    "http://www.w3.org/TR/xhtml1/DTD/xhtml1-transitional.dtd">
<html xmlns="http://www.w3.org/1999/xhtml" xml:lang="en" lang="en">
 <head>
  <title>
</title>
<meta http-equiv="Content-Type" content="text/html;charset=utf-8" />
  <meta name='ocr-system' content='tesseract 3.04.00' />
  <meta name='ocr-capabilities' content='ocr_page ocr_carea ocr_par ocr_line ocrx_word'/>
</head>
<body>
  <div class='ocr_page' id='page_1' title='image "./jesurunsiveprole00deliuoft/jesurunsiveprole00deliuoft_0025.png"; bbox 0 0 1934 3259; ppageno 0'>
   <div class='ocr_carea' id='block_1_1' title="bbox 44 177 1505 1007">
    <p class='ocr_par' dir='ltr' id='par_1_1' title="bbox 44 177 1505 1007">
     <span class='ocr_line' id='line_1_1' title="bbox 55 177 1505 222; baseline -0.001 -7"><span class='ocrx_word' id='word_1_1' title='bbox 55 180 259 215; x_wconf 83' lang='lat' dir='ltr'>hebraicam</span> <span class='ocrx_word' id='word_1_2' title='bbox 283 177 547 220; x_wconf 81' lang='lat' dir='ltr'>explicandam,</span> <span class='ocrx_word' id='word_1_3' title='bbox 583 178 619 209; x_wconf 85' lang='lat' dir='ltr'>et</span> <span class='ocrx_word' id='word_1_4' title='bbox 643 185 746 218; x_wconf 87' lang='lat' dir='ltr'>quam</span> <span class='ocrx_word' id='word_1_5' title='bbox 769 178 873 209; x_wconf 81' lang='lat' dir='ltr'>caute</span> <span class='ocrx_word' id='word_1_6' title='bbox 887 199 898 217; x_wconf 88' lang='lat'>‚</span> <span class='ocrx_word' id='word_1_7' title='bbox 933 179 1074 211; x_wconf 76' lang='lat' dir='ltr'><strong>solicite</strong></span> <span class='ocrx_word' id='word_1_8' title='bbox 1098 187 1141 211; x_wconf 80' lang='lat' dir='ltr'>ac</span> <span class='ocrx_word' id='word_1_9' title='bbox 1164 179 1337 222; x_wconf 81' lang='lat' dir='ltr'>religiose</span> <span class='ocrx_word' id='word_1_10' title='bbox 1359 182 1505 222; x_wconf 84' lang='lat' dir='ltr'>propter</span> 
     </span>
     <span class='ocr_line' id='line_1_2' title="bbox 50 234 1503 278; baseline 0 -9"><span class='ocrx_word' id='word_1_11' title='bbox 50 235 130 278; x_wconf 86' lang='lat' dir='ltr'>ejus</span> <span class='ocrx_word' id='word_1_12' title='bbox 153 236 444 278; x_wconf 83' lang='lat' dir='ltr'>singularitatem</span> <span class='ocrx_word' id='word_1_13' title='bbox 467 238 503 266; x_wconf 79' lang='lat' dir='ltr'>et</span> <span class='ocrx_word' id='word_1_14' title='bbox 526 234 792 274; x_wconf 84' lang='lat' dir='ltr'>amplitudinem</span> <span class='ocrx_word' id='word_1_15' title='bbox 817 237 1038 274; x_wconf 85' lang='lat' dir='ltr'>comparatio</span> <span class='ocrx_word' id='word_1_16' title='bbox 1063 236 1283 272; x_wconf 71' lang='lat' dir='ltr'>instituenda</span> <span class='ocrx_word' id='word_1_17' title='bbox 1306 238 1366 268; x_wconf 85' lang='lat' dir='ltr'>sit.</span> <span class='ocrx_word' id='word_1_18' title='bbox 1403 238 1503 270; x_wconf 86' lang='lat' dir='ltr'>Duo-</span> 
     </span>
     <span class='ocr_line' id='line_1_3' title="bbox 45 291 1505 333; baseline 0 -8"><span class='ocrx_word' id='word_1_19' title='bbox 45 294 162 325; x_wconf 89' lang='lat' dir='ltr'>decim</span> <span class='ocrx_word' id='word_1_20' title='bbox 186 293 360 333; x_wconf 86' lang='lat' dir='ltr'>exempla‚</span> <span class='ocrx_word' id='word_1_21' title='bbox 384 292 422 326; x_wconf 85' lang='lat' dir='ltr'>in</span> <span class='ocrx_word' id='word_1_22' title='bbox 445 291 572 332; x_wconf 87' lang='lat' dir='ltr'>quibus</span> <span class='ocrx_word' id='word_1_23' title='bbox 605 299 692 322; x_wconf 90' lang='lat' dir='ltr'>usus</span> <span class='ocrx_word' id='word_1_24' title='bbox 724 291 870 331; x_wconf 89' lang='lat' dir='ltr'>linguae</span> <span class='ocrx_word' id='word_1_25' title='bbox 896 291 1064 323; x_wconf 80' lang='lat' dir='ltr'>arabicae</span> <span class='ocrx_word' id='word_1_26' title='bbox 1096 292 1201 331; x_wconf 88' lang='lat' dir='ltr'>plane</span> <span class='ocrx_word' id='word_1_27' title='bbox 1231 294 1383 325; x_wconf 82' lang='lat' dir='ltr'>eximius</span> <span class='ocrx_word' id='word_1_28' title='bbox 1416 302 1505 325; x_wconf 91' lang='lat' dir='ltr'>con-</span> 
     </span>
     <span class='ocr_line' id='line_1_4' title="bbox 44 346 1503 390; baseline -0.001 -9"><span class='ocrx_word' id='word_1_29' title='bbox 44 350 207 390; x_wconf 88' lang='lat' dir='ltr'>spicitur.</span> <span class='ocrx_word' id='word_1_30' title='bbox 253 347 650 388; x_wconf 19' lang='lat' dir='ltr'>Neohebraz‘casslingua</span> <span class='ocrx_word' id='word_1_31' title='bbox 674 348 792 378; x_wconf 88' lang='lat' dir='ltr'>veteri</span> <span class='ocrx_word' id='word_1_32' title='bbox 817 349 853 378; x_wconf 85' lang='lat' dir='ltr'>et</span> <span class='ocrx_word' id='word_1_33' title='bbox 877 349 995 378; x_wconf 81' lang='lat' dir='ltr'>aetate</span> <span class='ocrx_word' id='word_1_34' title='bbox 1019 346 1056 378; x_wconf 80' lang='lat' dir='ltr'>et</span> <span class='ocrx_word' id='word_1_35' title='bbox 1079 347 1199 379; x_wconf 90' lang='lat' dir='ltr'>indole</span> <span class='ocrx_word' id='word_1_36' title='bbox 1223 351 1381 389; x_wconf 79' lang='lat' dir='ltr'>propior.</span> <span class='ocrx_word' id='word_1_37' title='bbox 1412 347 1503 390; x_wconf 84' lang='lat' dir='ltr'>Ejus</span> 
     </span>
     <span class='ocr_line' id='line_1_5' title="bbox 45 401 1504 446; baseline 0.001 -10"><span class='ocrx_word' id='word_1_38' title='bbox 45 405 241 436; x_wconf 76' lang='lat' dir='ltr'>manifesta</span> <span class='ocrx_word' id='word_1_39' title='bbox 261 401 355 446; x_wconf 87' lang='lat' dir='ltr'>sjam</span> <span class='ocrx_word' id='word_1_40' title='bbox 378 412 464 435; x_wconf 86' lang='lat' dir='ltr'>usus</span> <span class='ocrx_word' id='word_1_41' title='bbox 488 402 579 442; x_wconf 87' lang='lat' dir='ltr'>apud</span> <span class='ocrx_word' id='word_1_42' title='bbox 603 403 716 443; x_wconf 81' lang='lat' dir='ltr'>LXX,</span> <span class='ocrx_word' id='word_1_43' title='bbox 750 402 958 444; x_wconf 76' lang='lat' dir='ltr'>Philonem,</span> <span class='ocrx_word' id='word_1_44' title='bbox 983 405 1020 435; x_wconf 80' lang='lat' dir='ltr'>et</span> <span class='ocrx_word' id='word_1_45' title='bbox 1042 404 1336 443; x_wconf 80' lang='lat' dir='ltr'>contemplationi</span> <span class='ocrx_word' id='word_1_46' title='bbox 1359 408 1395 437; x_wconf 92' lang='lat' dir='ltr'>et</span> <span class='ocrx_word' id='word_1_47' title='bbox 1419 414 1504 446; x_wconf 90' lang='lat' dir='ltr'>pro—</span> 
     </span>
     <span class='ocr_line' id='line_1_6' title="bbox 46 445 1504 501; baseline 0.001 -9"><span class='ocrx_word' id='word_1_48' title='bbox 46 445 265 492; x_wconf 85' lang='lat' dir='ltr'>nuntiationi</span> <span class='ocrx_word' id='word_1_49' title='bbox 287 461 545 501; x_wconf 86' lang='lat' dir='ltr'>palaestinensi</span> <span class='ocrx_word' id='word_1_50' title='bbox 569 459 789 500; x_wconf 75' lang='lat' dir='ltr'>adstrictum,</span> <span class='ocrx_word' id='word_1_51' title='bbox 825 458 1015 501; x_wconf 76' lang='lat' dir='ltr'>Aquilam,</span> <span class='ocrx_word' id='word_1_52' title='bbox 1039 459 1295 500; x_wconf 77' lang='lat' dir='ltr'>Symmachum</span> <span class='ocrx_word' id='word_1_53' title='bbox 1327 465 1362 493; x_wconf 79' lang='lat' dir='ltr'>et:</span> <span class='ocrx_word' id='word_1_54' title='bbox 1389 462 1504 493; x_wconf 75' lang='lat' dir='ltr'>Theo-</span> 
     </span>
     <span class='ocr_line' id='line_1_7' title="bbox 45 516 1504 557; baseline 0.001 -9"><span class='ocrx_word' id='word_1_55' title='bbox 45 516 235 550; x_wconf 74' lang='lat' dir='ltr'>‹lotione-m.</span> <span class='ocrx_word' id='word_1_56' title='bbox 282 517 550 549; x_wconf 85' lang='lat' dir='ltr'>Neohebraicae</span> <span class='ocrx_word' id='word_1_57' title='bbox 574 516 721 556; x_wconf 87' lang='lat' dir='ltr'>linguae</span> <span class='ocrx_word' id='word_1_58' title='bbox 745 516 865 555; x_wconf 89' lang='lat' dir='ltr'>prisca</span> <span class='ocrx_word' id='word_1_59' title='bbox 887 518 1049 547; x_wconf 86' lang='lat' dir='ltr'>vetustas</span> <span class='ocrx_word' id='word_1_60' title='bbox 1085 518 1120 546; x_wconf 85' lang='lat' dir='ltr'>et</span> <span class='ocrx_word' id='word_1_61' title='bbox 1155 516 1350 555; x_wconf 89' lang='lat' dir='ltr'>peculiaris</span> <span class='ocrx_word' id='word_1_62' title='bbox 1376 525 1504 557; x_wconf 88' lang='lat' dir='ltr'>propa-</span> 
     </span>
     <span class='ocr_line' id='line_1_8' title="bbox 45 569 1504 614; baseline 0 -10"><span class='ocrx_word' id='word_1_63' title='bbox 45 574 159 613; x_wconf 84' lang='lat' dir='ltr'>gatio,</span> <span class='ocrx_word' id='word_1_64' title='bbox 186 581 277 614; x_wconf 89' lang='lat' dir='ltr'>quae</span> <span class='ocrx_word' id='word_1_65' title='bbox 302 575 337 605; x_wconf 89' lang='lat' dir='ltr'>ei</span> <span class='ocrx_word' id='word_1_66' title='bbox 362 580 441 604; x_wconf 87' lang='lat' dir='ltr'>cum</span> <span class='ocrx_word' id='word_1_67' title='bbox 464 569 613 604; x_wconf 70' lang='lat' dir='ltr'>arabica,</span> <span class='ocrx_word' id='word_1_68' title='bbox 637 573 817 612; x_wconf 82' lang='lat' dir='ltr'>posterius</span> <span class='ocrx_word' id='word_1_69' title='bbox 848 569 993 603; x_wconf 70' lang='lat' dir='ltr'>exculta</span> <span class='ocrx_word' id='word_1_70' title='bbox 1017 573 1215 603; x_wconf 89' lang='lat' dir='ltr'>communis</span> <span class='ocrx_word' id='word_1_71' title='bbox 1239 573 1305 603; x_wconf 88' lang='lat' dir='ltr'>est.</span> <span class='ocrx_word' id='word_1_72' title='bbox 1353 572 1504 611; x_wconf 82' lang='lat' dir='ltr'>Causae,</span> 
     </span>
     <span class='ocr_line' id='line_1_9' title="bbox 44 628 1501 670; baseline -0.001 -9"><span class='ocrx_word' id='word_1_73' title='bbox 44 633 194 670; x_wconf 85' lang='lat' dir='ltr'>propter</span> <span class='ocrx_word' id='word_1_74' title='bbox 222 638 309 670; x_wconf 88' lang='lat' dir='ltr'>quas</span> <span class='ocrx_word' id='word_1_75' title='bbox 340 629 487 669; x_wconf 84' lang='lat' dir='ltr'>linguae</span> <span class='ocrx_word' id='word_1_76' title='bbox 520 628 690 660; x_wconf 84' lang='lat' dir='ltr'>neohebr.</span> <span class='ocrx_word' id='word_1_77' title='bbox 722 629 869 669; x_wconf 82' lang='lat' dir='ltr'>collatio</span> <span class='ocrx_word' id='word_1_78' title='bbox 904 630 1020 659; x_wconf 88' lang='lat' dir='ltr'>minus</span> <span class='ocrx_word' id='word_1_79' title='bbox 1051 629 1257 668; x_wconf 86' lang='lat' dir='ltr'>periculosa</span> <span class='ocrx_word' id='word_1_80' title='bbox 1288 635 1330 660; x_wconf 86' lang='lat' dir='ltr'>ac</span> <span class='ocrx_word' id='word_1_81' title='bbox 1363 629 1501 660; x_wconf 87' lang='lat' dir='ltr'>lubrica</span> 
     </span>
     <span class='ocr_line' id='line_1_10' title="bbox 46 682 1501 728; baseline 0.001 -14"><span class='ocrx_word' id='word_1_82' title='bbox 46 686 110 724; x_wconf 86' lang='lat' dir='ltr'>sit,</span> <span class='ocrx_word' id='word_1_83' title='bbox 134 693 239 725; x_wconf 88' lang='lat' dir='ltr'>quam</span> <span class='ocrx_word' id='word_1_84' title='bbox 262 686 441 717; x_wconf 83' lang='lat' dir='ltr'>arabicae.</span> <span class='ocrx_word' id='word_1_85' title='bbox 487 685 668 716; x_wconf 90' lang='lat' dir='ltr'>Momenta</span> <span class='ocrx_word' id='word_1_86' title='bbox 691 685 736 716; x_wconf 86' lang='lat' dir='ltr'>ad</span> <span class='ocrx_word' id='word_1_87' title='bbox 759 685 905 728; x_wconf 80' lang='lat' dir='ltr'>linguae</span> <span class='ocrx_word' id='word_1_88' title='bbox 929 684 1099 715; x_wconf 86' lang='lat' dir='ltr'>neohebr.</span> <span class='ocrx_word' id='word_1_89' title='bbox 1132 691 1153 714; x_wconf 88' lang='lat' dir='ltr'>a</span> <span class='ocrx_word' id='word_1_90' title='bbox 1177 682 1318 715; x_wconf 69' lang='lat' dir='ltr'>vetusta</span> <span class='ocrx_word' id='word_1_91' title='bbox 1342 684 1501 716; x_wconf 88' lang='lat' dir='ltr'>declina-</span> 
     </span>
     <span class='ocr_line' id='line_1_11' title="bbox 44 738 1501 782; baseline 0.001 -11"><span class='ocrx_word' id='word_1_92' title='bbox 44 738 174 772; x_wconf 69' lang='lat' dir='ltr'>tiones.</span> <span class='ocrx_word' id='word_1_93' title='bbox 222 740 335 782; x_wconf 87' lang='lat' dir='ltr'>Copia</span> <span class='ocrx_word' id='word_1_94' title='bbox 357 741 614 773; x_wconf 87' lang='lat' dir='ltr'>vocabulorum</span> <span class='ocrx_word' id='word_1_95' title='bbox 645 741 816 772; x_wconf 89' lang='lat' dir='ltr'>neohebr.</span> <span class='ocrx_word' id='word_1_96' title='bbox 840 740 1093 780; x_wconf 85' lang='lat' dir='ltr'>quadrifariam</span> <span class='ocrx_word' id='word_1_97' title='bbox 1127 740 1327 780; x_wconf 87' lang='lat' dir='ltr'>dispertita.</span> <span class='ocrx_word' id='word_1_98' title='bbox 1380 740 1501 772; x_wconf 68' lang='lat' dir='ltr'>Voca-</span> 
     </span>
     <span class='ocr_line' id='line_1_12' title="bbox 45 784 1503 841; baseline -0.001 -14"><span class='ocrx_word' id='word_1_99' title='bbox 45 787 130 829; x_wconf 77' lang='lat' dir='ltr'>bula</span> <span class='ocrx_word' id='word_1_100' title='bbox 150 784 301 838; x_wconf 73' lang='lat' dir='ltr'>exegesi</span> <span class='ocrx_word' id='word_1_101' title='bbox 325 800 387 829; x_wconf 85' lang='lat' dir='ltr'>aut</span> <span class='ocrx_word' id='word_1_102' title='bbox 411 797 604 829; x_wconf 86' lang='lat' dir='ltr'>traditione</span> <span class='ocrx_word' id='word_1_103' title='bbox 640 799 836 837; x_wconf 84' lang='lat' dir='ltr'>potestates</span> <span class='ocrx_word' id='word_1_104' title='bbox 868 805 952 827; x_wconf 88' lang='lat' dir='ltr'>suas</span> <span class='ocrx_word' id='word_1_105' title='bbox 987 799 1105 828; x_wconf 86' lang='lat' dir='ltr'>nacta.</span> <span class='ocrx_word' id='word_1_106' title='bbox 1161 795 1330 841; x_wconf 78' lang='lat' dir='ltr'>Cautelae</span> <span class='ocrx_word' id='word_1_107' title='bbox 1354 804 1503 836; x_wconf 86' lang='lat' dir='ltr'>compa-</span> 
     </span>
     <span class='ocr_line' id='line_1_13' title="bbox 46 850 1501 895; baseline -0.001 -11"><span class='ocrx_word' id='word_1_108' title='bbox 46 854 197 884; x_wconf 87' lang='lat' dir='ltr'>rationis</span> <span class='ocrx_word' id='word_1_109' title='bbox 220 850 368 894; x_wconf 88' lang='lat' dir='ltr'>ejusque</span> <span class='ocrx_word' id='word_1_110' title='bbox 391 854 532 885; x_wconf 87' lang='lat' dir='ltr'>fructus</span> <span class='ocrx_word' id='word_1_111' title='bbox 556 854 742 895; x_wconf 78' lang='lat' dir='ltr'>sigillatim</span> <span class='ocrx_word' id='word_1_112' title='bbox 766 854 966 885; x_wconf 85' lang='lat' dir='ltr'>enumerati</span> <span class='ocrx_word' id='word_1_113' title='bbox 1003 854 1040 884; x_wconf 86' lang='lat' dir='ltr'>et</span> <span class='ocrx_word' id='word_1_114' title='bbox 1064 853 1235 892; x_wconf 81' lang='lat' dir='ltr'>exemplis</span> <span class='ocrx_word' id='word_1_115' title='bbox 1267 852 1501 894; x_wconf 86' lang='lat' dir='ltr'>comprobati.</span> 
     </span>
     <span class='ocr_line' id='line_1_14' title="bbox 45 909 1501 951; baseline 0 -11"><span class='ocrx_word' id='word_1_116' title='bbox 45 909 264 951; x_wconf 85' lang='lat' dir='ltr'>Progressus</span> <span class='ocrx_word' id='word_1_117' title='bbox 295 910 338 942; x_wconf 88' lang='lat' dir='ltr'>ad</span> <span class='ocrx_word' id='word_1_118' title='bbox 368 911 529 950; x_wconf 87' lang='lat' dir='ltr'>linguam</span> <span class='ocrx_word' id='word_1_119' title='bbox 560 912 787 942; x_wconf 83' lang='lat' dir='ltr'>sanseritam.</span> <span class='ocrx_word' id='word_1_120' title='bbox 840 909 926 942; x_wconf 85' lang='lat' dir='ltr'>Idea</span> <span class='ocrx_word' id='word_1_121' title='bbox 959 909 1106 940; x_wconf 87' lang='lat' dir='ltr'>unitatis</span> <span class='ocrx_word' id='word_1_122' title='bbox 1140 909 1344 949; x_wconf 73' lang='lat' dir='ltr'>linguariun</span> <span class='ocrx_word' id='word_1_123' title='bbox 1372 909 1501 950; x_wconf 86' lang='lat' dir='ltr'>haga-</span> 
     </span>
     <span class='ocr_line' id='line_1_15' title="bbox 45 962 565 1007; baseline 0 -11"><span class='ocrx_word' id='word_1_124' title='bbox 45 965 127 997; x_wconf 85' lang='lat' dir='ltr'>dae</span> <span class='ocrx_word' id='word_1_125' title='bbox 152 967 367 998; x_wconf 87' lang='lat' dir='ltr'>veterrimae</span> <span class='ocrx_word' id='word_1_126' title='bbox 391 962 565 1007; x_wconf 86' lang='lat' dir='ltr'>subjecta.</span> 
     </span>
    </p>
   </div>
   <div class='ocr_carea' id='block_1_2' title="bbox 43 1056 1502 2841">
    <p class='ocr_par' dir='ltr' id='par_1_2' title="bbox 43 1056 1502 2841">
     <span class='ocr_line' id='line_1_16' title="bbox 134 1056 1501 1097; baseline -0.001 -9"><span class='ocrx_word' id='word_1_127' title='bbox 134 1057 276 1088; x_wconf 87' lang='lat' dir='ltr'><strong>LIBER</strong></span> <span class='ocrx_word' id='word_1_128' title='bbox 299 1057 514 1088; x_wconf 83' lang='lat' dir='ltr'>TERTIUS.</span> <span class='ocrx_word' id='word_1_129' title='bbox 565 1056 728 1097; x_wconf 81' lang='lat' dir='ltr'>Linguae</span> <span class='ocrx_word' id='word_1_130' title='bbox 751 1056 959 1089; x_wconf 80' lang='lat' dir='ltr'>sanseritae</span> <span class='ocrx_word' id='word_1_131' title='bbox 983 1056 1220 1096; x_wconf 66' lang='lat' dir='ltr'>excellentia,</span> <span class='ocrx_word' id='word_1_132' title='bbox 1252 1057 1501 1087; x_wconf 88' lang='lat' dir='ltr'>monumento-</span> 
     </span>
     <span class='ocr_line' id='line_1_17' title="bbox 44 1109 1501 1153; baseline -0.001 -10"><span class='ocrx_word' id='word_1_133' title='bbox 44 1120 123 1144; x_wconf 87' lang='lat' dir='ltr'>rum</span> <span class='ocrx_word' id='word_1_134' title='bbox 147 1114 442 1153; x_wconf 83' lang='lat' dir='ltr'>tractationisque</span> <span class='ocrx_word' id='word_1_135' title='bbox 472 1109 550 1153; x_wconf 89' lang='lat' dir='ltr'>ejus</span> <span class='ocrx_word' id='word_1_136' title='bbox 581 1114 837 1153; x_wconf 86' lang='lat' dir='ltr'>grammaticae</span> <span class='ocrx_word' id='word_1_137' title='bbox 868 1114 1072 1153; x_wconf 86' lang='lat' dir='ltr'>antiquitas.</span> <span class='ocrx_word' id='word_1_138' title='bbox 1119 1113 1228 1144; x_wconf 85' lang='lat' dir='ltr'>Initia</span> <span class='ocrx_word' id='word_1_139' title='bbox 1261 1112 1501 1151; x_wconf 87' lang='lat' dir='ltr'>comparatio-</span> 
     </span>
     <span class='ocr_line' id='line_1_18' title="bbox 45 1165 1502 1211; baseline -0.001 -12"><span class='ocrx_word' id='word_1_140' title='bbox 45 1170 100 1199; x_wconf 86' lang='lat' dir='ltr'>nis</span> <span class='ocrx_word' id='word_1_141' title='bbox 125 1165 203 1209; x_wconf 87' lang='lat' dir='ltr'>ejus</span> <span class='ocrx_word' id='word_1_142' title='bbox 226 1177 249 1201; x_wconf 88' lang='lat' dir='ltr'>a</span> <span class='ocrx_word' id='word_1_143' title='bbox 270 1169 454 1201; x_wconf 87' lang='lat' dir='ltr'>nonnullis</span> <span class='ocrx_word' id='word_1_144' title='bbox 473 1165 550 1210; x_wconf 88' lang='lat' dir='ltr'>jam</span> <span class='ocrx_word' id='word_1_145' title='bbox 573 1169 690 1209; x_wconf 85' lang='lat' dir='ltr'>facta,</span> <span class='ocrx_word' id='word_1_146' title='bbox 722 1169 785 1201; x_wconf 89' lang='lat' dir='ltr'>sed</span> <span class='ocrx_word' id='word_1_147' title='bbox 809 1169 971 1209; x_wconf 86' lang='lat' dir='ltr'>disperse</span> <span class='ocrx_word' id='word_1_148' title='bbox 994 1170 1165 1211; x_wconf 87' lang='lat' dir='ltr'>nullaque</span> <span class='ocrx_word' id='word_1_149' title='bbox 1197 1169 1336 1201; x_wconf 85' lang='lat' dir='ltr'>ratione</span> <span class='ocrx_word' id='word_1_150' title='bbox 1359 1175 1403 1199; x_wconf 87' lang='lat' dir='ltr'>ac</span> <span class='ocrx_word' id='word_1_151' title='bbox 1426 1167 1502 1198; x_wconf 90' lang='lat' dir='ltr'>dis-</span> 
     </span>
     <span class='ocr_line' id='line_1_19' title="bbox 45 1223 1501 1267; baseline -0.001 -12"><span class='ocrx_word' id='word_1_152' title='bbox 45 1225 190 1265; x_wconf 87' lang='lat' dir='ltr'>ciplina.</span> <span class='ocrx_word' id='word_1_153' title='bbox 243 1224 564 1267; x_wconf 74' lang='lat' dir='ltr'>Phonoloyz’ae</span> <span class='ocrx_word' id='word_1_154' title='bbox 594 1227 960 1258; x_wconf 85' lang='lat' dir='ltr'>sanseritosemiticae</span> <span class='ocrx_word' id='word_1_155' title='bbox 992 1227 1092 1267; x_wconf 88' lang='lat' dir='ltr'>prius</span> <span class='ocrx_word' id='word_1_156' title='bbox 1127 1223 1399 1257; x_wconf 78' lang='lat' dir='ltr'>constituendae</span> <span class='ocrx_word' id='word_1_157' title='bbox 1437 1231 1501 1254; x_wconf 91' lang='lat' dir='ltr'>ne-</span> 
     </span>
     <span class='ocr_line' id='line_1_20' title="bbox 45 1281 1500 1323; baseline 0 -13"><span class='ocrx_word' id='word_1_158' title='bbox 45 1282 207 1312; x_wconf 61' lang='lat' dir='ltr'>vessims.</span> <span class='ocrx_word' id='word_1_159' title='bbox 255 1281 359 1312; x_wconf 69' lang='lat' dir='ltr'>&#39;rt-ias</span> <span class='ocrx_word' id='word_1_160' title='bbox 392 1283 584 1323; x_wconf 89' lang='lat' dir='ltr'>originalis</span> <span class='ocrx_word' id='word_1_161' title='bbox 612 1282 796 1315; x_wconf 69' lang='lat' dir='ltr'>vocalium</span> <span class='ocrx_word' id='word_1_162' title='bbox 825 1283 1027 1322; x_wconf 87' lang='lat' dir='ltr'>scriptione</span> <span class='ocrx_word' id='word_1_163' title='bbox 1057 1284 1094 1314; x_wconf 86' lang='lat' dir='ltr'>et</span> <span class='ocrx_word' id='word_1_164' title='bbox 1123 1282 1302 1313; x_wconf 84' lang='lat' dir='ltr'>sanserita</span> <span class='ocrx_word' id='word_1_165' title='bbox 1333 1283 1369 1312; x_wconf 86' lang='lat' dir='ltr'>et</span> <span class='ocrx_word' id='word_1_166' title='bbox 1391 1281 1500 1312; x_wconf 88' lang='lat' dir='ltr'>semi-</span> 
     </span>
     <span class='ocr_line' id='line_1_21' title="bbox 46 1326 1500 1378; baseline 0.002 -11"><span class='ocrx_word' id='word_1_167' title='bbox 46 1338 119 1367; x_wconf 85' lang='lat' dir='ltr'>tica</span> <span class='ocrx_word' id='word_1_168' title='bbox 160 1338 394 1377; x_wconf 86' lang='lat' dir='ltr'>signatarum.</span> <span class='ocrx_word' id='word_1_169' title='bbox 465 1338 613 1369; x_wconf 79' lang='lat' dir='ltr'>Vocalis</span> <span class='ocrx_word' id='word_1_170' title='bbox 661 1340 820 1378; x_wconf 86' lang='lat' dir='ltr'>potestas</span> <span class='ocrx_word' id='word_1_171' title='bbox 867 1339 1055 1369; x_wconf 87' lang='lat' dir='ltr'>literarum</span> <span class='ocrx_word' id='word_1_172' title='bbox 1099 1337 1150 1375; x_wconf 74' lang='grc' dir='ltr'>Ν,</span> <span class='ocrx_word' id='word_1_173' title='bbox 1181 1337 1212 1368; x_wconf 71' lang='grc' dir='ltr'>Ἶι</span> <span class='ocrx_word' id='word_1_174' title='bbox 1242 1335 1254 1356; x_wconf 62' lang='lat'>³</span> <span class='ocrx_word' id='word_1_175' title='bbox 1285 1327 1351 1377; x_wconf 69' lang='lat'>(371</span> <span class='ocrx_word' id='word_1_176' title='bbox 1382 1326 1429 1377; x_wconf 81' lang='grc' dir='ltr'>ΓΙ)</span> <span class='ocrx_word' id='word_1_177' title='bbox 1461 1339 1500 1370; x_wconf 89' lang='lat' dir='ltr'>in</span> 
     </span>
     <span class='ocr_line' id='line_1_22' title="bbox 47 1393 1501 1435; baseline 0.002 -12"><span class='ocrx_word' id='word_1_178' title='bbox 47 1393 237 1424; x_wconf 79' lang='lat' dir='ltr'>verborum</span> <span class='ocrx_word' id='word_1_179' title='bbox 261 1394 389 1433; x_wconf 82' lang='lat' dir='ltr'>initio,</span> <span class='ocrx_word' id='word_1_180' title='bbox 414 1394 532 1424; x_wconf 89' lang='lat' dir='ltr'>medio</span> <span class='ocrx_word' id='word_1_181' title='bbox 556 1401 600 1425; x_wconf 91' lang='lat' dir='ltr'>ac</span> <span class='ocrx_word' id='word_1_182' title='bbox 623 1394 705 1425; x_wconf 89' lang='lat' dir='ltr'>fine.</span> <span class='ocrx_word' id='word_1_183' title='bbox 751 1395 856 1426; x_wconf 80' lang='lat' dir='ltr'>Trias</span> <span class='ocrx_word' id='word_1_184' title='bbox 880 1395 1067 1435; x_wconf 77' lang='lat' dir='ltr'>radicum,</span> <span class='ocrx_word' id='word_1_185' title='bbox 1092 1394 1300 1435; x_wconf 82' lang='lat' dir='ltr'>verbalium,</span> <span class='ocrx_word' id='word_1_186' title='bbox 1333 1396 1501 1426; x_wconf 87' lang='lat' dir='ltr'>nomina-</span> 
     </span>
     <span class='ocr_line' id='line_1_23' title="bbox 44 1438 1500 1491; baseline 0.003 -13"><span class='ocrx_word' id='word_1_187' title='bbox 44 1448 132 1479; x_wconf 88' lang='lat' dir='ltr'>lium</span> <span class='ocrx_word' id='word_1_188' title='bbox 157 1452 193 1479; x_wconf 86' lang='lat' dir='ltr'>et</span> <span class='ocrx_word' id='word_1_189' title='bbox 216 1450 538 1489; x_wconf 82' lang='lat' dir='ltr'>pronominalium,</span> <span class='ocrx_word' id='word_1_190' title='bbox 573 1458 764 1490; x_wconf 87' lang='lat' dir='ltr'>earumque</span> <span class='ocrx_word' id='word_1_191' title='bbox 787 1438 936 1491; x_wconf 74' lang='lat' dir='ltr'>natura,</span> <span class='ocrx_word' id='word_1_192' title='bbox 972 1451 1200 1483; x_wconf 85' lang='lat' dir='ltr'>necessitudo</span> <span class='ocrx_word' id='word_1_193' title='bbox 1224 1458 1268 1482; x_wconf 88' lang='lat' dir='ltr'>ac</span> <span class='ocrx_word' id='word_1_194' title='bbox 1291 1450 1500 1491; x_wconf 87' lang='lat' dir='ltr'>discrepan-</span> 
     </span>
     <span class='ocr_line' id='line_1_24' title="bbox 44 1504 1498 1549; baseline 0.003 -15"><span class='ocrx_word' id='word_1_195' title='bbox 44 1504 104 1534; x_wconf 82' lang='lat' dir='ltr'>tia.</span> <span class='ocrx_word' id='word_1_196' title='bbox 152 1505 317 1549; x_wconf 11' lang='lat' dir='ltr'>Verbum&amp;</span> <span class='ocrx_word' id='word_1_197' title='bbox 344 1507 548 1544; x_wconf 86' lang='lat' dir='ltr'>neutiquam</span> <span class='ocrx_word' id='word_1_198' title='bbox 578 1515 686 1536; x_wconf 87' lang='lat' dir='ltr'>unum</span> <span class='ocrx_word' id='word_1_199' title='bbox 721 1507 906 1546; x_wconf 69' lang='lat' dir='ltr'>solumque</span> <span class='ocrx_word' id='word_1_200' title='bbox 938 1509 1115 1544; x_wconf 81' lang='lat' dir='ltr'>orationis</span> <span class='ocrx_word' id='word_1_201' title='bbox 1146 1509 1337 1538; x_wconf 85' lang='lat' dir='ltr'>contextae</span> <span class='ocrx_word' id='word_1_202' title='bbox 1362 1515 1498 1538; x_wconf 82' lang='lat' dir='ltr'>semen.</span> 
     </span>
     <span class='ocr_line' id='line_1_25' title="bbox 43 1548 1498 1604; baseline 0.005 -16"><span class='ocrx_word' id='word_1_203' title='bbox 43 1548 232 1590; x_wconf 76' lang='lat' dir='ltr'>Nominum</span> <span class='ocrx_word' id='word_1_204' title='bbox 263 1561 527 1600; x_wconf 80' lang='lat' dir='ltr'>primitivorum</span> <span class='ocrx_word' id='word_1_205' title='bbox 558 1562 649 1593; x_wconf 88' lang='lat' dir='ltr'>duae</span> <span class='ocrx_word' id='word_1_206' title='bbox 680 1564 833 1602; x_wconf 79' lang='lat' dir='ltr'>species.</span> <span class='ocrx_word' id='word_1_207' title='bbox 881 1562 1056 1594; x_wconf 85' lang='lat' dir='ltr'>Radicum</span> <span class='ocrx_word' id='word_1_208' title='bbox 1085 1563 1385 1604; x_wconf 89' lang='lat' dir='ltr'>pronominalium</span> <span class='ocrx_word' id='word_1_209' title='bbox 1409 1571 1498 1603; x_wconf 85' lang='lat' dir='ltr'>pro-</span> 
     </span>
     <span class='ocr_line' id='line_1_26' title="bbox 44 1617 1498 1658; baseline 0.003 -13"><span class='ocrx_word' id='word_1_210' title='bbox 44 1617 121 1654; x_wconf 86' lang='lat' dir='ltr'>pria</span> <span class='ocrx_word' id='word_1_211' title='bbox 144 1619 284 1647; x_wconf 85' lang='lat' dir='ltr'>natura.</span> <span class='ocrx_word' id='word_1_212' title='bbox 330 1618 400 1649; x_wconf 70' lang='lat' dir='ltr'>Via</span> <span class='ocrx_word' id='word_1_213' title='bbox 424 1625 466 1648; x_wconf 89' lang='lat' dir='ltr'>ac</span> <span class='ocrx_word' id='word_1_214' title='bbox 490 1619 595 1658; x_wconf 85' lang='lat' dir='ltr'>ratio,</span> <span class='ocrx_word' id='word_1_215' title='bbox 619 1626 687 1658; x_wconf 83' lang='lat' dir='ltr'>qua</span> <span class='ocrx_word' id='word_1_216' title='bbox 710 1620 938 1658; x_wconf 87' lang='lat' dir='ltr'>grammatici</span> <span class='ocrx_word' id='word_1_217' title='bbox 955 1619 1123 1650; x_wconf 85' lang='lat' dir='ltr'>Indorum</span> <span class='ocrx_word' id='word_1_218' title='bbox 1148 1619 1288 1650; x_wconf 85' lang='lat' dir='ltr'>radices</span> <span class='ocrx_word' id='word_1_219' title='bbox 1313 1619 1498 1650; x_wconf 81' lang='lat' dir='ltr'>abstraxe-</span> 
     </span>
     <span class='ocr_line' id='line_1_27' title="bbox 45 1673 1498 1715; baseline 0.003 -14"><span class='ocrx_word' id='word_1_220' title='bbox 45 1674 138 1702; x_wconf 85' lang='lat' dir='ltr'>runt.</span> <span class='ocrx_word' id='word_1_221' title='bbox 186 1673 336 1703; x_wconf 88' lang='lat' dir='ltr'>Radices</span> <span class='ocrx_word' id='word_1_222' title='bbox 360 1674 405 1705; x_wconf 89' lang='lat' dir='ltr'>ab</span> <span class='ocrx_word' id='word_1_223' title='bbox 429 1674 516 1714; x_wconf 71' lang='lat' dir='ltr'>ipsis</span> <span class='ocrx_word' id='word_1_224' title='bbox 541 1674 736 1713; x_wconf 85' lang='lat' dir='ltr'>confictae,</span> <span class='ocrx_word' id='word_1_225' title='bbox 762 1676 933 1711; x_wconf 80' lang='lat' dir='ltr'>omissae,</span> <span class='ocrx_word' id='word_1_226' title='bbox 971 1675 1174 1715; x_wconf 84' lang='lat' dir='ltr'>complures</span> <span class='ocrx_word' id='word_1_227' title='bbox 1198 1683 1355 1715; x_wconf 87' lang='lat' dir='ltr'>quoque,</span> <span class='ocrx_word' id='word_1_228' title='bbox 1387 1683 1498 1715; x_wconf 87' lang='lat' dir='ltr'>quan-</span> 
     </span>
     <span class='ocr_line' id='line_1_28' title="bbox 48 1730 1498 1771; baseline 0.003 -13"><span class='ocrx_word' id='word_1_229' title='bbox 48 1730 177 1759; x_wconf 79' lang='lat' dir='ltr'>tumvis</span> <span class='ocrx_word' id='word_1_230' title='bbox 209 1737 271 1760; x_wconf 86' lang='lat' dir='ltr'>eas</span> <span class='ocrx_word' id='word_1_231' title='bbox 305 1730 433 1760; x_wconf 88' lang='lat' dir='ltr'>literae</span> <span class='ocrx_word' id='word_1_232' title='bbox 461 1731 663 1761; x_wconf 80' lang='lat' dir='ltr'>sanseritae</span> <span class='ocrx_word' id='word_1_233' title='bbox 696 1730 850 1761; x_wconf 89' lang='lat' dir='ltr'>nondum</span> <span class='ocrx_word' id='word_1_234' title='bbox 883 1732 1214 1771; x_wconf 85' lang='lat' dir='ltr'>comprobaverint,</span> <span class='ocrx_word' id='word_1_235' title='bbox 1253 1734 1355 1763; x_wconf 86' lang='lat' dir='ltr'>recte</span> <span class='ocrx_word' id='word_1_236' title='bbox 1381 1733 1498 1762; x_wconf 87' lang='lat' dir='ltr'>tamen</span> 
     </span>
     <span class='ocr_line' id='line_1_29' title="bbox 44 1785 1499 1819; baseline 0.002 -4"><span class='ocrx_word' id='word_1_237' title='bbox 44 1785 267 1816; x_wconf 82' lang='lat' dir='ltr'>informatae.</span> <span class='ocrx_word' id='word_1_238' title='bbox 316 1785 488 1818; x_wconf 85' lang='lat' dir='ltr'>Radicum</span> <span class='ocrx_word' id='word_1_239' title='bbox 520 1787 719 1818; x_wconf 87' lang='lat' dir='ltr'>verbalium</span> <span class='ocrx_word' id='word_1_240' title='bbox 744 1788 1002 1818; x_wconf 81' lang='lat' dir='ltr'>sanseritarum</span> <span class='ocrx_word' id='word_1_241' title='bbox 1035 1790 1071 1819; x_wconf 82' lang='lat' dir='ltr'>et</span> <span class='ocrx_word' id='word_1_242' title='bbox 1102 1789 1346 1819; x_wconf 86' lang='lat' dir='ltr'>semiticarum</span> <span class='ocrx_word' id='word_1_243' title='bbox 1370 1796 1499 1818; x_wconf 88' lang='lat' dir='ltr'>neces-</span> 
     </span>
     <span class='ocr_line' id='line_1_30' title="bbox 45 1826 1498 1884; baseline 0 -10"><span class='ocrx_word' id='word_1_244' title='bbox 45 1841 181 1881; x_wconf 55' lang='lat' dir='ltr'>{itudm</span> <span class='ocrx_word' id='word_1_245' title='bbox 217 1826 490 1872; x_wconf 68' lang='lat' dir='ltr'>similitudinum</span> <span class='ocrx_word' id='word_1_246' title='bbox 522 1843 670 1874; x_wconf 87' lang='lat' dir='ltr'>collatio</span> <span class='ocrx_word' id='word_1_247' title='bbox 707 1843 1105 1884; x_wconf 87' lang='lat' dir='ltr'>dissimilitudinumque</span> <span class='ocrx_word' id='word_1_248' title='bbox 1129 1845 1266 1884; x_wconf 82' lang='lat' dir='ltr'>aliquot</span> <span class='ocrx_word' id='word_1_249' title='bbox 1289 1844 1498 1875; x_wconf 87' lang='lat' dir='ltr'>commenti-</span> 
     </span>
     <span class='ocr_line' id='line_1_31' title="bbox 46 1897 1497 1931; baseline 0.003 -5"><span class='ocrx_word' id='word_1_250' title='bbox 46 1898 173 1927; x_wconf 88' lang='lat' dir='ltr'>tiarum</span> <span class='ocrx_word' id='word_1_251' title='bbox 198 1897 396 1929; x_wconf 74' lang='lat' dir='ltr'>dissolutio.</span> <span class='ocrx_word' id='word_1_252' title='bbox 444 1899 597 1930; x_wconf 85' lang='lat' dir='ltr'>Radices</span> <span class='ocrx_word' id='word_1_253' title='bbox 623 1900 813 1930; x_wconf 86' lang='lat' dir='ltr'>verborum</span> <span class='ocrx_word' id='word_1_254' title='bbox 846 1899 1039 1931; x_wconf 87' lang='lat' dir='ltr'>lucendi</span> <span class='ocrx_word' id='word_1_255' title='bbox 1070 1901 1497 1931; x_wconf 85' lang='lat' dir='ltr'>sanseritosemiticorum</span> 
     </span>
     <span class='ocr_line' id='line_1_32' title="bbox 45 1953 1497 1997; baseline 0.003 -15"><span class='ocrx_word' id='word_1_256' title='bbox 45 1953 229 1991; x_wconf 70' lang='lat' dir='ltr'>analytice</span> <span class='ocrx_word' id='word_1_257' title='bbox 253 1954 420 1986; x_wconf 83' lang='lat' dir='ltr'>collatae.</span> <span class='ocrx_word' id='word_1_258' title='bbox 467 1955 643 1986; x_wconf 86' lang='lat' dir='ltr'>Radicum</span> <span class='ocrx_word' id='word_1_259' title='bbox 667 1956 866 1987; x_wconf 83' lang='lat' dir='ltr'>verbalium</span> <span class='ocrx_word' id='word_1_260' title='bbox 890 1957 1102 1997; x_wconf 82' lang='lat' dir='ltr'>propagatio</span> <span class='ocrx_word' id='word_1_261' title='bbox 1136 1959 1242 1995; x_wconf 88' lang='lat' dir='ltr'>atque</span> <span class='ocrx_word' id='word_1_262' title='bbox 1266 1956 1497 1996; x_wconf 82' lang='lat' dir='ltr'>amplificatio</span> 
     </span>
     <span class='ocr_line' id='line_1_33' title="bbox 46 2010 1497 2054; baseline 0.004 -16"><span class='ocrx_word' id='word_1_263' title='bbox 46 2011 195 2047; x_wconf 86' lang='lat' dir='ltr'>primum</span> <span class='ocrx_word' id='word_1_264' title='bbox 219 2010 446 2049; x_wconf 80' lang='lat' dir='ltr'>formatione,</span> <span class='ocrx_word' id='word_1_265' title='bbox 474 2011 601 2041; x_wconf 86' lang='lat' dir='ltr'>deinde</span> <span class='ocrx_word' id='word_1_266' title='bbox 626 2014 887 2052; x_wconf 85' lang='lat' dir='ltr'>compositione</span> <span class='ocrx_word' id='word_1_267' title='bbox 911 2012 991 2043; x_wconf 87' lang='lat' dir='ltr'>fieri</span> <span class='ocrx_word' id='word_1_268' title='bbox 1014 2013 1132 2043; x_wconf 83' lang='lat' dir='ltr'>solita.</span> <span class='ocrx_word' id='word_1_269' title='bbox 1187 2012 1278 2043; x_wconf 81' lang='lat' dir='ltr'>Tres</span> <span class='ocrx_word' id='word_1_270' title='bbox 1300 2012 1497 2054; x_wconf 77' lang='lat' dir='ltr'>formatio-</span> 
     </span>
     <span class='ocr_line' id='line_1_34' title="bbox 46 2055 1499 2108; baseline 0.002 -12"><span class='ocrx_word' id='word_1_271' title='bbox 46 2067 104 2096; x_wconf 79' lang='lat' dir='ltr'>nis</span> <span class='ocrx_word' id='word_1_272' title='bbox 135 2066 288 2106; x_wconf 69' lang='lat' dir='ltr'>gradus3</span> <span class='ocrx_word' id='word_1_273' title='bbox 313 2068 372 2097; x_wconf 87' lang='lat' dir='ltr'>via</span> <span class='ocrx_word' id='word_1_274' title='bbox 403 2067 621 2107; x_wconf 78' lang='lat' dir='ltr'>quadruplex</span> <span class='ocrx_word' id='word_1_275' title='bbox 657 2055 699 2098; x_wconf 82' lang='lat' dir='ltr'>ad</span> <span class='ocrx_word' id='word_1_276' title='bbox 732 2069 1006 2108; x_wconf 84' lang='lat' dir='ltr'>plurilitera</span> <span class='ocrx_word' id='word_1_277' title='bbox 1037 2068 1233 2100; x_wconf 83' lang='lat' dir='ltr'>formanda.</span> <span class='ocrx_word' id='word_1_278' title='bbox 1282 2066 1499 2108; x_wconf 76' lang='lat' dir='ltr'>Compositio</span> 
     </span>
     <span class='ocr_line' id='line_1_35' title="bbox 46 2121 1498 2165; baseline 0.003 -14"><span class='ocrx_word' id='word_1_279' title='bbox 46 2121 238 2153; x_wconf 82' lang='lat' dir='ltr'>verborum</span> <span class='ocrx_word' id='word_1_280' title='bbox 261 2124 524 2162; x_wconf 74' lang='lat' dir='ltr'>semiticoruxn3</span> <span class='ocrx_word' id='word_1_281' title='bbox 558 2123 774 2165; x_wconf 72' lang='lat' dir='ltr'>praefixa</span> <span class='ocrx_word' id='word_1_282' title='bbox 805 2125 1248 2165; x_wconf 83' lang='lat' dir='ltr'>praepositionalia</span> <span class='ocrx_word' id='word_1_283' title='bbox 1280 2131 1361 2155; x_wconf 89' lang='lat' dir='ltr'>cum</span> <span class='ocrx_word' id='word_1_284' title='bbox 1393 2132 1498 2163; x_wconf 85' lang='lat' dir='ltr'>prae-</span> 
     </span>
     <span class='ocr_line' id='line_1_36' title="bbox 45 2178 1499 2217; baseline 0.001 -9"><span class='ocrx_word' id='word_1_285' title='bbox 45 2178 283 2217; x_wconf 76' lang='lat' dir='ltr'>positionibus</span> <span class='ocrx_word' id='word_1_286' title='bbox 319 2180 507 2210; x_wconf 84' lang='lat' dir='ltr'>sanscritis</span> <span class='ocrx_word' id='word_1_287' title='bbox 552 2178 705 2210; x_wconf 87' lang='lat' dir='ltr'>dividuis</span> <span class='ocrx_word' id='word_1_288' title='bbox 744 2182 779 2210; x_wconf 90' lang='lat' dir='ltr'>et</span> <span class='ocrx_word' id='word_1_289' title='bbox 819 2189 899 2211; x_wconf 87' lang='lat' dir='ltr'>cum</span> <span class='ocrx_word' id='word_1_290' title='bbox 937 2181 1059 2212; x_wconf 83' lang='lat' dir='ltr'>radice</span> <span class='ocrx_word' id='word_1_291' title='bbox 1095 2181 1276 2212; x_wconf 87' lang='lat' dir='ltr'>individue</span> <span class='ocrx_word' id='word_1_292' title='bbox 1319 2181 1499 2211; x_wconf 89' lang='lat' dir='ltr'>concretis</span> 
     </span>
     <span class='ocr_line' id='line_1_37' title="bbox 45 2234 1497 2275; baseline 0.003 -11"><span class='ocrx_word' id='word_1_293' title='bbox 45 2236 260 2274; x_wconf 83' lang='lat' dir='ltr'>comparata.</span> <span class='ocrx_word' id='word_1_294' title='bbox 323 2234 600 2274; x_wconf 70' lang='lat' dir='ltr'>Compositionis</span> <span class='ocrx_word' id='word_1_295' title='bbox 631 2237 947 2275; x_wconf 79' lang='lat' dir='ltr'>praepositionalis</span> <span class='ocrx_word' id='word_1_296' title='bbox 977 2245 1113 2268; x_wconf 86' lang='lat' dir='ltr'>summa</span> <span class='ocrx_word' id='word_1_297' title='bbox 1146 2238 1336 2268; x_wconf 87' lang='lat' dir='ltr'>consensio</span> <span class='ocrx_word' id='word_1_298' title='bbox 1367 2238 1404 2268; x_wconf 90' lang='lat' dir='ltr'>in</span> <span class='ocrx_word' id='word_1_299' title='bbox 1428 2238 1497 2268; x_wconf 86' lang='lat' dir='ltr'>lin-</span> 
     </span>
     <span class='ocr_line' id='line_1_38' title="bbox 44 2288 1498 2333; baseline 0.003 -14"><span class='ocrx_word' id='word_1_300' title='bbox 44 2298 116 2329; x_wconf 84' lang='lat' dir='ltr'>gua</span> <span class='ocrx_word' id='word_1_301' title='bbox 139 2289 308 2322; x_wconf 62' lang='lat' dir='ltr'>hebraica</span> <span class='ocrx_word' id='word_1_302' title='bbox 332 2294 435 2331; x_wconf 69' lang='lat' dir='ltr'>atquc</span> <span class='ocrx_word' id='word_1_303' title='bbox 460 2289 636 2322; x_wconf 63' lang='lat' dir='ltr'>sanserita</span> <span class='ocrx_word' id='word_1_304' title='bbox 660 2288 808 2331; x_wconf 78' lang='lat' dir='ltr'>ejusque</span> <span class='ocrx_word' id='word_1_305' title='bbox 840 2294 1067 2332; x_wconf 45' lang='lat' dir='ltr'>necessariis,</span> <span class='ocrx_word' id='word_1_306' title='bbox 1098 2291 1252 2333; x_wconf 67' lang='lat' dir='ltr'>persica,</span> <span class='ocrx_word' id='word_1_307' title='bbox 1276 2290 1419 2332; x_wconf 63' lang='lat' dir='ltr'>graeca,</span> <span class='ocrx_word' id='word_1_308' title='bbox 1444 2293 1498 2323; x_wconf 89' lang='lat' dir='ltr'>la-</span> 
     </span>
     <span class='ocr_line' id='line_1_39' title="bbox 45 2344 1497 2388; baseline 0.003 -13"><span class='ocrx_word' id='word_1_309' title='bbox 45 2344 130 2377; x_wconf 69' lang='lat' dir='ltr'>tina.</span> <span class='ocrx_word' id='word_1_310' title='bbox 177 2347 418 2378; x_wconf 82' lang='lat' dir='ltr'>Praefixorum</span> <span class='ocrx_word' id='word_1_311' title='bbox 442 2348 636 2379; x_wconf 86' lang='lat' dir='ltr'>verbalium</span> <span class='ocrx_word' id='word_1_312' title='bbox 661 2350 904 2380; x_wconf 87' lang='lat' dir='ltr'>semiticorum</span> <span class='ocrx_word' id='word_1_313' title='bbox 929 2356 1115 2388; x_wconf 85' lang='lat' dir='ltr'>nume1·us;</span> <span class='ocrx_word' id='word_1_314' title='bbox 1146 2358 1203 2380; x_wconf 89' lang='lat' dir='ltr'>vv.</span> <span class='ocrx_word' id='word_1_315' title='bbox 1229 2349 1373 2380; x_wconf 85' lang='lat' dir='ltr'>bilitera</span> <span class='ocrx_word' id='word_1_316' title='bbox 1398 2357 1497 2380; x_wconf 87' lang='lat' dir='ltr'>com-</span> 
     </span>
     <span class='ocr_line' id='line_1_40' title="bbox 44 2403 1498 2445; baseline 0.004 -14"><span class='ocrx_word' id='word_1_317' title='bbox 44 2403 160 2441; x_wconf 81' lang='lat' dir='ltr'>posita</span> <span class='ocrx_word' id='word_1_318' title='bbox 196 2406 232 2434; x_wconf 87' lang='lat' dir='ltr'>et</span> <span class='ocrx_word' id='word_1_319' title='bbox 263 2405 416 2435; x_wconf 81' lang='lat' dir='ltr'>trilitcra</span> <span class='ocrx_word' id='word_1_320' title='bbox 454 2404 712 2444; x_wconf 78' lang='lat' dir='ltr'>decomposita.</span> <span class='ocrx_word' id='word_1_321' title='bbox 779 2406 1026 2437; x_wconf 82' lang='lat' dir='ltr'>Praeflxorum</span> <span class='ocrx_word' id='word_1_322' title='bbox 1062 2405 1278 2445; x_wconf 83' lang='lat' dir='ltr'>significatio</span> <span class='ocrx_word' id='word_1_323' title='bbox 1321 2408 1357 2435; x_wconf 82' lang='lat' dir='ltr'>et</span> <span class='ocrx_word' id='word_1_324' title='bbox 1396 2408 1498 2437; x_wconf 83' lang='lat' dir='ltr'>terna</span> 
     </span>
     <span class='ocr_line' id='line_1_41' title="bbox 47 2456 1498 2503; baseline 0.003 -15"><span class='ocrx_word' id='word_1_325' title='bbox 47 2456 324 2499; x_wconf 86' lang='lat' dir='ltr'>uniuscujusque</span> <span class='ocrx_word' id='word_1_326' title='bbox 355 2461 503 2500; x_wconf 69' lang='lat' dir='ltr'>praefixi</span> <span class='ocrx_word' id='word_1_327' title='bbox 535 2462 694 2500; x_wconf 80' lang='lat' dir='ltr'>exempla</span> <span class='ocrx_word' id='word_1_328' title='bbox 725 2461 896 2493; x_wconf 87' lang='lat' dir='ltr'>verbalia.</span> <span class='ocrx_word' id='word_1_329' title='bbox 945 2460 1201 2503; x_wconf 68' lang='grc' dir='ltr'><strong><em>Ιηᾱὶῃεηὶῐαῑὶς</em></strong></span> <span class='ocrx_word' id='word_1_330' title='bbox 1233 2462 1498 2501; x_wconf 81' lang='lat' dir='ltr'>contemplatio,</span> 
     </span>
     <span class='ocr_line' id='line_1_42' title="bbox 43 2517 1494 2559; baseline 0.002 -14"><span class='ocrx_word' id='word_1_331' title='bbox 43 2522 154 2555; x_wconf 83' lang='lat' dir='ltr'>quae,</span> <span class='ocrx_word' id='word_1_332' title='bbox 189 2517 537 2555; x_wconf 83' lang='lat' dir='ltr'>trigrammatismum</span> <span class='ocrx_word' id='word_1_333' title='bbox 568 2523 781 2558; x_wconf 79' lang='lat' dir='ltr'>aspernata,</span> <span class='ocrx_word' id='word_1_334' title='bbox 815 2526 922 2549; x_wconf 76' lang='lat' dir='ltr'>sensu</span> <span class='ocrx_word' id='word_1_335' title='bbox 948 2519 1131 2559; x_wconf 65' lang='lat' dir='ltr'>ingenito,</span> <span class='ocrx_word' id='word_1_336' title='bbox 1155 2517 1218 2547; x_wconf 89' lang='lat' dir='ltr'>sed</span> <span class='ocrx_word' id='word_1_337' title='bbox 1243 2517 1399 2549; x_wconf 84' lang='lat' dir='ltr'>obscuro</span> <span class='ocrx_word' id='word_1_338' title='bbox 1424 2518 1494 2548; x_wconf 87' lang='lat' dir='ltr'>lin-</span> 
     </span>
     <span class='ocr_line' id='line_1_43' title="bbox 43 2573 1495 2614; baseline 0.003 -14"><span class='ocrx_word' id='word_1_339' title='bbox 43 2579 151 2612; x_wconf 81' lang='lat' dir='ltr'>guam</span> <span class='ocrx_word' id='word_1_340' title='bbox 189 2575 526 2612; x_wconf 85' lang='lat' dir='ltr'>compositissimam</span> <span class='ocrx_word' id='word_1_341' title='bbox 564 2581 644 2604; x_wconf 83' lang='lat' dir='ltr'>esse</span> <span class='ocrx_word' id='word_1_342' title='bbox 682 2575 803 2614; x_wconf 81' lang='lat' dir='ltr'>ponit,</span> <span class='ocrx_word' id='word_1_343' title='bbox 842 2575 909 2605; x_wconf 82' lang='lat' dir='ltr'>hac</span> <span class='ocrx_word' id='word_1_344' title='bbox 945 2575 1183 2605; x_wconf 79' lang='lat' dir='ltr'>sanseritismi</span> <span class='ocrx_word' id='word_1_345' title='bbox 1217 2573 1412 2604; x_wconf 84' lang='lat' dir='ltr'>collatione</span> <span class='ocrx_word' id='word_1_346' title='bbox 1451 2573 1495 2605; x_wconf 86' lang='lat' dir='ltr'>ad</span> 
     </span>
     <span class='ocr_line' id='line_1_44' title="bbox 43 2628 1496 2671; baseline 0.002 -14"><span class='ocrx_word' id='word_1_347' title='bbox 43 2628 230 2659; x_wconf 86' lang='lat' dir='ltr'>scientiam</span> <span class='ocrx_word' id='word_1_348' title='bbox 261 2631 398 2660; x_wconf 85' lang='lat' dir='ltr'>evecta.</span> <span class='ocrx_word' id='word_1_349' title='bbox 451 2631 637 2671; x_wconf 65' lang='lat' dir='ltr'>Specimeu</span> <span class='ocrx_word' id='word_1_350' title='bbox 668 2631 974 2670; x_wconf 82' lang='lat' dir='ltr'>interpretationis</span> <span class='ocrx_word' id='word_1_351' title='bbox 1003 2631 1259 2671; x_wconf 80' lang='lat' dir='ltr'>granunaticae</span> <span class='ocrx_word' id='word_1_352' title='bbox 1291 2636 1337 2659; x_wconf 85' lang='lat' dir='ltr'>ex</span> <span class='ocrx_word' id='word_1_353' title='bbox 1360 2631 1496 2669; x_wconf 87' lang='lat' dir='ltr'>princi-</span> 
     </span>
     <span class='ocr_line' id='line_1_45' title="bbox 43 2684 1495 2727; baseline 0.001 -13"><span class='ocrx_word' id='word_1_354' title='bbox 43 2684 113 2723; x_wconf 84' lang='lat' dir='ltr'>piis</span> <span class='ocrx_word' id='word_1_355' title='bbox 142 2685 272 2725; x_wconf 88' lang='lat' dir='ltr'>priscis</span> <span class='ocrx_word' id='word_1_356' title='bbox 304 2690 406 2725; x_wconf 86' lang='lat' dir='ltr'>atque</span> <span class='ocrx_word' id='word_1_357' title='bbox 438 2688 578 2718; x_wconf 81' lang='lat' dir='ltr'>nativis.</span> <span class='ocrx_word' id='word_1_358' title='bbox 641 2687 742 2718; x_wconf 86' lang='lat' dir='ltr'>Artis</span> <span class='ocrx_word' id='word_1_359' title='bbox 772 2688 1047 2727; x_wconf 80' lang='lat' dir='ltr'>grammaticae,</span> <span class='ocrx_word' id='word_1_360' title='bbox 1081 2690 1118 2717; x_wconf 90' lang='lat' dir='ltr'>ut</span> <span class='ocrx_word' id='word_1_361' title='bbox 1142 2688 1236 2717; x_wconf 86' lang='lat' dir='ltr'>inter</span> <span class='ocrx_word' id='word_1_362' title='bbox 1260 2686 1410 2725; x_wconf 73' lang='lat' dir='ltr'>Arabes,</span> <span class='ocrx_word' id='word_1_363' title='bbox 1442 2687 1495 2716; x_wconf 89' lang='lat' dir='ltr'>sic</span> 
     </span>
     <span class='ocr_line' id='line_1_46' title="bbox 43 2738 1495 2784; baseline 0.001 -15"><span class='ocrx_word' id='word_1_364' title='bbox 43 2740 138 2772; x_wconf 81' lang='lat' dir='ltr'>inter</span> <span class='ocrx_word' id='word_1_365' title='bbox 159 2740 318 2773; x_wconf 86' lang='lat' dir='ltr'>Judaeos</span> <span class='ocrx_word' id='word_1_366' title='bbox 343 2742 386 2773; x_wconf 84' lang='lat' dir='ltr'>ab</span> <span class='ocrx_word' id='word_1_367' title='bbox 411 2743 478 2772; x_wconf 84' lang='lat' dir='ltr'>hoc</span> <span class='ocrx_word' id='word_1_368' title='bbox 502 2744 623 2774; x_wconf 82' lang='lat' dir='ltr'>innato</span> <span class='ocrx_word' id='word_1_369' title='bbox 649 2751 755 2774; x_wconf 79' lang='lat' dir='ltr'>sensu</span> <span class='ocrx_word' id='word_1_370' title='bbox 780 2743 1011 2775; x_wconf 86' lang='lat' dir='ltr'>abalienatio.</span> <span class='ocrx_word' id='word_1_371' title='bbox 1058 2743 1162 2775; x_wconf 80' lang='lat' dir='ltr'>lea</span> <span class='ocrx_word' id='word_1_372' title='bbox 1188 2738 1369 2784; x_wconf 68' lang='lat' dir='ltr'>CltaJ&#39;uy&#39;,</span> <span class='ocrx_word' id='word_1_373' title='bbox 1402 2742 1495 2781; x_wconf 80' lang='lat' dir='ltr'>legis</span> 
     </span>
     <span class='ocr_line' id='line_1_47' title="bbox 45 2796 1494 2841; baseline 0.003 -15"><span class='ocrx_word' id='word_1_374' title='bbox 45 2796 348 2837; x_wconf 85' lang='lat' dir='ltr'>trigrammatismi</span> <span class='ocrx_word' id='word_1_375' title='bbox 373 2802 528 2840; x_wconf 73' lang='lat' dir='ltr'>salictor,</span> <span class='ocrx_word' id='word_1_376' title='bbox 553 2798 723 2840; x_wconf 64' lang='lat' dir='ltr'>abrogata</span> <span class='ocrx_word' id='word_1_377' title='bbox 751 2798 854 2832; x_wconf 64' lang='lat' dir='ltr'>casca</span> <span class='ocrx_word' id='word_1_378' title='bbox 880 2801 1198 2841; x_wconf 74' lang='lat' dir='ltr'>contemplatione,</span> <span class='ocrx_word' id='word_1_379' title='bbox 1225 2806 1312 2838; x_wconf 80' lang='lat' dir='ltr'>quac</span> <span class='ocrx_word' id='word_1_380' title='bbox 1338 2800 1494 2830; x_wconf 74' lang='lat' dir='ltr'>occurrit</span> 
     </span>
    </p>
   </div>
  </div>
 </body>
</html>
