1934 3259
767 245 813 285 71

42 417 252 452 intueamur
274 420 311 449 et
329 420 559 461 reputemus,
579 424 691 460 quam
712 414 829 448 arctis
849 413 1015 448 vinculis
1034 411 1095 448 Ps.
1121 414 1167 448 lo
1190 420 1227 449 et
1250 415 1291 449 ll
1310 424 1319 456 ;
1346 414 1398 450 33
1418 420 1455 449 et
1476 415 1548 459 343

41 483 92 519 43
111 488 148 517 et
165 483 218 516 44
239 481 287 516 cs.
309 482 355 516 71
382 487 420 516 et
439 481 510 519 72:
537 481 587 514 67
611 487 648 514 et
668 481 719 515 68
742 479 988 515 cohaereant:
1016 492 1059 515 eo
1081 480 1325 527 adducimur,
1352 487 1395 516 ut
1415 481 1547 517 creda-

42 561 142 593 mus,
180 548 416 583 redactorem
451 553 682 594 postremum
712 545 882 582 Psalmos
910 547 1149 582 collectionis
1174 549 1320 594 primae
1345 556 1383 584 et
1409 561 1549 596 appen-

41 617 147 662 dicis,
184 627 343 663 quorum
369 614 555 659 ordinem,
594 626 678 649 cum
708 612 879 650 Psalmos
905 615 1141 649 recentiores
1168 615 1441 662 interponeret,
1471 628 1548 651 non

43 685 224 720 intactum
244 681 496 729 relinquebat,
517 682 682 729 primum
701 683 973 717 convenienter
992 682 1069 731 legi
1089 681 1168 726 isti,
1189 693 1302 729 qnam
1320 684 1549 728 invenimus,

41 751 255 801 digessisse,
292 756 394 784 certe
424 748 524 784 hunc
562 748 747 793 ordinem,
786 749 849 784 ubi
882 749 927 784 ab
961 749 1040 796 ipso
1073 748 1248 784 turbatus
1279 756 1398 795 esset,
1435 751 1548 786 resti-

42 818 159 853 tuisse
178 814 229 867 ³³).

148 902 195 957 2)
226 904 376 941 Deinde
396 906 463 951 iis,
489 918 585 954 quae
606 905 728 941 adhuc
749 905 1052 953 exploravimus,
1079 905 1205 941 edocti
1225 918 1374 952 sumus,
1403 919 1449 941 ex
1469 907 1551 942 sola

42 973 278 1010 Psalmorum
303 973 479 1008 binorum
505 973 721 1020 pluriumve
745 973 943 1008 vicinitate
964 985 1171 1020 eorumque
1191 974 1292 1008 inter
1311 986 1393 1010 sese
1414 974 1550 1009 simili-

43 1041 173 1077 tudine
202 1041 426 1088 neutiquam
456 1040 632 1075 concludi
660 1053 790 1087 posse,
826 1053 889 1075 eos
914 1039 958 1075 ab
988 1040 1120 1075 eodem
1139 1047 1295 1076 auctore
1316 1042 1553 1088 conscriptos

43 1120 138 1145 esse:
159 1120 233 1156 qua
248 1108 492 1143 conclusione
506 1105 753 1157 Hitzigius
775 1107 1004 1142 creberrime
1022 1108 1145 1142 utitur
1166 1113 1204 1142 et
1223 1120 1298 1156 qua
1319 1110 1436 1143 ceteri
1457 1120 1551 1156 quo-

42 1186 113 1223 que
128 1173 365 1210 Psalmorum
387 1175 613 1221 interpretes
634 1174 883 1210 multifariam
903 1174 1033 1209 seduci
1054 1187 1093 1209 se
1112 1176 1213 1221 passi
1237 1182 1335 1211 sunt.
1362 1174 1442 1211 Nos
1462 1187 1552 1210 con-

42 1248 100 1277 tra
129 1243 183 1277 sic
212 1242 506 1277 ratiocinamur:
537 1239 679 1277 Psalmi
710 1242 832 1291 magis
856 1242 1030 1278 minusve
1048 1242 1148 1276 inter
1169 1255 1208 1277 se
1229 1243 1446 1278 consimiles
1464 1255 1552 1290 pro-

42 1315 124 1357 pter
142 1309 240 1344 hanc
260 1310 380 1356 ipsam
399 1308 702 1354 similitudinem,
722 1310 824 1344 nulla
840 1307 971 1344 habita
988 1309 1150 1359 originis
1166 1322 1297 1344 eorum
1311 1311 1461 1345 ratione
1475 1305 1553 1360 (uti

43 1377 262 1424 conjunctio
284 1374 521 1411 psalmorum
548 1388 823 1424 anonymorum
851 1382 887 1411 et
912 1382 1041 1423 aperte
1060 1377 1320 1411 recentiorum
1341 1390 1426 1412 cum
1446 1377 1554 1413 davi-

9 1494 14 1499 ,
43 1444 139 1479 dicis
166 1440 373 1493 ostendit),
404 1455 424 1477 a
444 1442 643 1477 redactore
665 1443 867 1489 compositi
888 1450 985 1478 sunt.
1035 1442 1138 1478 Fieri
1158 1456 1247 1479 sane
1266 1445 1392 1491 potuit
1412 1440 1554 1495 (neque

42 1509 114 1546 hoc
135 1510 355 1558 frequenter
374 1509 519 1544 factum
538 1506 787 1559 infitiamur),
821 1517 863 1545 ut
886 1510 1064 1545 redactor
1085 1509 1255 1546 Psalmos
1276 1512 1419 1547 similes
1439 1523 1554 1559 quae—

44 1590 129 1613 rens
158 1578 197 1611 in
222 1575 394 1612 Psalmos
421 1576 591 1624 ejusdem
610 1577 800 1621 auctoris,
834 1578 972 1624 quippe
992 1578 1056 1625 qui
1078 1578 1359 1613 necessitudine
1379 1591 1419 1614 se
1438 1579 1555 1614 attin-

44 1657 133 1695 gere
152 1644 312 1687 soleant,
333 1642 533 1689 incideret,
553 1649 593 1679 at
612 1644 737 1679 ubivis
756 1656 873 1678 unum
892 1645 1003 1679 alteri
1025 1644 1225 1693 subjunxit
1242 1657 1318 1680 non
1338 1645 1438 1693 quod
1454 1648 1555 1693 ejus-

46 1711 128 1746 dem
154 1711 321 1746 auctoris
347 1716 446 1746 esset
471 1706 529 1759 (id
550 1710 651 1758 quod
677 1710 916 1746 redactorem
936 1712 1111 1758 plurimis
1131 1714 1169 1746 in
1191 1710 1353 1747 Psalmis
1372 1725 1491 1760 aeque
1512 1725 1556 1748 ac

45 1790 112 1814 nos
132 1778 287 1813 latuisse
307 1777 489 1812 credibile
509 1774 606 1828 est),
629 1777 692 1813 sed
713 1779 802 1825 quia
823 1784 1043 1825 sequentem
1065 1780 1273 1826 superioris
1294 1785 1371 1814 tam
1392 1780 1556 1815 similem

45 1844 276 1892 reperiebat,
297 1850 340 1878 ut
361 1844 407 1879 ad
428 1845 565 1880 seriem
587 1845 882 1880 continuandam
903 1846 938 1880 ei
957 1845 1154 1881 videretur
1175 1859 1256 1882 esse
1276 1846 1444 1882 idoneus.

154 1931 198 1986 3)
225 1933 495 1969 Labefactatur
511 1946 551 1969 ea
567 1946 718 1982 quoque
730 1935 933 1980 sententia,
954 1947 1067 1983 quam
1086 1936 1125 1970 in
1147 1948 1280 1971 comm.
1302 1949 1369 1972 suo
1392 1937 1430 1971 in
1450 1935 1556 1973 Psal-

48 2014 126 2037 mos
147 2001 290 2037 crebris
310 2002 405 2036 locis
425 2002 586 2048 protulit
606 2000 641 2036 H
654 2002 1073 2052 engstenbergius.
1104 2001 1139 2038 Is
1159 2004 1259 2038 enim
1282 2015 1365 2038 cum
1383 2002 1557 2040 Psalmus

48 2080 255 2117 anonymus
292 2069 519 2115 inscriptum
555 2069 747 2116 sequitur,
787 2071 896 2117 cujus
928 2070 1095 2117 aliquam
1123 2070 1414 2106 similitudinem
1440 2073 1556 2122 gerit,

49 2135 245 2171 itentidem
271 2136 460 2180 inculcat,
497 2148 727 2184 anonymum
747 2148 833 2170 cum
852 2137 1037 2183 inscripto
1058 2149 1176 2172 unum
1196 2148 1333 2185 corpus
1354 2138 1555 2184 conficere,

50 2201 269 2250 bipartitum
300 2202 394 2237 illud
425 2209 462 2237 et
490 2203 535 2237 ab
566 2202 698 2237 eodem
724 2208 881 2237 auctore
909 2202 1123 2250 profectum
1152 2201 1278 2254 (velut
1296 2203 1356 2241 Ps.
1381 2207 1404 2241 9
1426 2212 1462 2241 et
1487 2207 1556 2252 103

51 2269 101 2305 32
120 2276 156 2305 et
175 2270 248 2315 333
273 2270 325 2306 42
346 2276 383 2304 et
401 2270 474 2315 433
502 2271 552 2304 70
573 2276 610 2304 et
630 2265 715 2320 71).
765 2268 850 2304 Hoc
876 2270 987 2305 modo
1016 2271 1111 2306 alias
1138 2284 1289 2319 quoque
1314 2272 1424 2308 binos
1450 2272 1558 2309 Psal-

51 2348 128 2373 mos
147 2336 356 2386 dilogice
377 2338 572 2384 copulatos
594 2350 675 2372 esse
696 2337 892 2372 existimat
912 2333 993 2387 (Ps.
1019 2338 1032 2372 l
1059 2343 1097 2373 et
1114 2338 1158 2385 23
1182 2339 1232 2375 88
1253 2346 1290 2375 et
1311 2338 1402 2390 89),
1429 2347 1558 2377 ternos

137 2515 169 2554 ²³)
194 2519 355 2548 Fortasse
371 2519 452 2548 haec
467 2520 664 2557 conjectura
683 2523 800 2549 nostra
816 2531 856 2550 eo
873 2522 1107 2557 confirmatur,
1133 2524 1220 2559 quod
1237 2526 1307 2554 Pss.
1323 2526 1363 2554 41
1381 2529 1415 2555 et
1428 2528 1490 2564 42;
1515 2530 1556 2556 72

54 2573 85 2601 et
96 2574 152 2608 '133
172 2576 212 2604 89
233 2578 265 2604 et
279 2576 319 2603 90
337 2584 405 2604 non
422 2579 499 2604 sunt
514 2576 716 2614 homogenei
728 2598 736 2614 ,
759 2587 831 2606 cum
849 2581 968 2607 contra
982 2580 1051 2608 Pss.
1069 2581 1130 2607 106
1149 2583 1181 2608 et
1195 2582 1258 2609 107
1274 2583 1452 2612 maximam
1469 2585 1557 2614 inter

0 2654 1 2664 ,
53 2636 88 2657 fle
102 2629 350 2660 similitudinem
368 2631 521 2661 habeant.
557 2634 828 2663 Consentaneum
846 2636 895 2663 est
911 2635 1010 2671 enim,
1027 2636 1236 2666 reductorem
1254 2639 1418 2668 Psalmum
1436 2641 1555 2671 seriem

55 2683 278 2716 davidicorum
315 2688 528 2717 collectionis
562 2688 723 2727 principis
753 2691 1009 2720 concludentem
1043 2692 1127 2729 (41)
1164 2696 1196 2722 et
1230 2694 1395 2724 Psalmum
1428 2697 1460 2725 in
1495 2698 1558 2727 fine

71 2742 198 2778 jusdem
227 2744 441 2773 collectionis
474 2744 621 2781 positum
656 2744 744 2786 (72)
778 2747 856 2776 loco
885 2756 1024 2777 movere
1056 2749 1219 2778 noluisse.
1278 2752 1395 2788 Neque
1425 2754 1558 2783 Psalmo

55 2795 111 2836 89,
132 2799 185 2835 qui
206 2800 423 2837 appendicem
440 2801 629 2837 concludit,
654 2803 795 2832 similem
811 2803 996 2841 adjungere
1012 2807 1162 2842 poterat,
1188 2816 1259 2835 cum
1275 2808 1425 2838 Psalmus
1440 2811 1558 2847 Mosis,

55 2856 263 2889 quantumvis
283 2856 472 2894 dissimilis,
502 2858 693 2894 aptissimus
716 2860 744 2889 ei
768 2859 955 2893 videretur,
983 2860 1038 2896 qui
1060 2861 1296 2893 collectionem
1321 2869 1490 2895 recentem
1506 2867 1558 2895 in-

57 2907 200 2939 choaret.
248 2912 290 2941 At
305 2912 337 2941 in
354 2913 472 2942 finibus
488 2914 563 2943 libri
578 2915 631 2942 lV.
648 2917 680 2943 et
695 2916 746 2953 V„
769 2915 822 2945 ubi
838 2916 921 2945 nihil
937 2918 1100 2953 obstabat,
1123 2917 1229 2955 legem
1248 2919 1338 2949 illam
1356 2922 1559 2959 homogenei

58 2965 263 3005 observavit,
291 2969 411 2997 Psalmi
434 2970 520 2998 enim
538 2971 601 2998 106
618 2973 650 2999 et
666 2972 748 3008 107,
770 2981 965 3008 quamquam
983 2973 1132 3003 Reraclia
1147 2977 1307 3013 separati,
1331 2977 1559 3009 similitudinis

59 3019 190 3052 vinculo
205 3024 391 3054 arctissime
407 3026 555 3064 colligati
571 3029 658 3056 sunt.
