1934 3259
588 108 926 153 -245—

33 227 173 272 ’llcilza
211 223 386 267 bariun
423 222 898 266 min-el-mushrikina
941 220 1331 279 va—⁷·asz⁴eli-Iti¹],
1389 232 1482 263 cum

35 293 338 339 terminatione
382 291 580 347 genitiva
609 292 794 334 nominis
822 289 965 332 rastil.
1038 289 1163 342 Quod
1192 303 1286 333 cum
1315 287 1482 330 audiis-

33 367 115 418 set,
144 359 385 416 principem
415 358 704 409 credentium,
743 359 821 401 Ale·
857 357 950 411 (cui
979 356 1103 399 Deus
1133 357 1345 414 propitius
1382 352 1485 414 sit),

31 430 135 473 adiit
174 439 312 482 eaque
348 426 403 468 de
441 439 490 468 re
520 426 750 468 certiorem
787 425 904 468 fecit.
961 425 1177 480 Princeps
1215 423 1482 467 credentium

0 520 1 528 κ
29 495 273 551 respondit:
316 494 414 536 Hoc
443 493 595 536 vitium
625 497 763 535 ortum
803 498 873 536 est
903 505 959 535 ex
989 492 1293 535 commixtione
1323 491 1482 535 barba-

0 557 166 613 }rorum
205 574 298 604 cum
334 564 469 617 gente
509 560 698 603 Arabum
739 564 871 603 etex
900 559 1172 603 multitudine
1202 573 1371 615 eorum,
1409 558 1481 615 qui

0 622 107 678 {hac
144 642 201 672 ex
241 629 543 671 commixtione
579 629 796 684 progeniti
841 632 955 671 sunt.
1022 626 1084 670 Et
1121 626 1176 669 ad
1214 626 1480 670 edocendum

1 686 5 752 ξ
29 697 188 742 Abu’1--
200 695 426 739 Asvadum
455 694 712 737 Duilensem
744 696 817 738 Ali
846 695 957 739 haec
987 694 1175 750 adiecit:
1213 694 1481 752 „„Partium

2 763 238 839 {sermonis
278 768 371 806 tres
410 767 532 813 sunt,
583 776 801 819 nomen,
847 764 1069 806 verbum
1111 766 1157 805 et
1194 761 1479 818 particula.

4 834 227 876 Nomen
266 835 336 873 est
365 830 429 878 id
486 829 597 887 quod
626 844 717 874 rem
746 843 827 886 per
856 844 906 873 se
936 830 1236 873 nominabilem
1266 828 1481 885 designat,

4 901 150 945 verb
163 914 237 942 um
266 899 325 956 id,
355 898 467 955 quod
497 899 712 941 actionem
743 899 926 941 nominis
957 897 1192 954 significat,
1223 900 1268 940 et
1298 897 1478 952 parti—

5 951 145 1012 cula
175 966 243 1023 id,
273 966 386 1022 quod
417 966 633 1008 notionem
662 966 708 1007 in
738 966 821 1008 aiio
851 966 992 1022 gignit
1039 966 1104 1018 (h.
1136 978 1175 1008 e.
1207 963 1320 1021 quod
1351 967 1480 1019 pote-

5 986 243 1078 istates
214 1034 428 1076 nominum
472 1034 788 1090 v··e1boiumque
825 1035 990 1091 variat,
1040 1033 1234 1075 rationes
1275 1031 1480 1087 exprimit

0 1099 146 1153 ieta).
206 1101 361 1156 Agens
399 1102 443 1142 in
479 1102 745 1144 nominativo
776 1103 973 1157 ponitur,
1021 1106 1067 1144 et
1102 1099 1303 1157 quidquid
1346 1112 1481 1155 prae-

0 1157 10 1212 f
25 1173 147 1212 terea
182 1181 260 1224 per
298 1169 610 1211 nominativum
650 1170 924 1227 exprimitur,
969 1169 1145 1225 species
1183 1173 1253 1211 est
1289 1167 1477 1224 agentis.

0 1190 251 1291 vissbjectum
290 1238 333 1277 in
372 1237 624 1278 accusativo
664 1237 861 1294 ponitur,
915 1241 961 1278 et
1000 1236 1203 1293 quidquid
1246 1241 1479 1292 praeterea

8 1270 98 1361 iper
127 1304 423 1347 accusativum
453 1304 730 1361 exprimitur,
769 1305 944 1360 species
975 1309 1045 1346 est
1075 1304 1244 1359 objecti.
1304 1304 1478 1346 Termi-

0 1385 101 1415 :nus
132 1372 242 1414 alter
272 1375 414 1413 status
447 1372 681 1414 constructi
711 1372 775 1423 (h.
817 1385 856 1414 e.
887 1372 1172 1424 annexionis)
1205 1373 1249 1414 in
1279 1372 1478 1428 genitivo

0 1439 214 1496 iponitur,
256 1443 303 1481 et
333 1439 535 1495 quidquid
566 1442 797 1495 praeterea
836 1451 914 1494 per
944 1440 1182 1494 genitivum
1213 1439 1479 1496 exprimitur,

0 1507 194 1563 {species
238 1510 308 1548 est
346 1508 516 1549 termini
557 1506 750 1550 alterius.
819 1505 941 1559 Quae
980 1510 1026 1548 ut
1056 1508 1280 1564 exposuit,
1315 1506 1394 1549 Ale:
1422 1506 1478 1549 ad

6 1573 454 1630 -Abn’l-Aswccclnm,
522 1573 628 1616 fulcu
659 1572 837 1631 Malia,
867 1574 1026 1629 inquit,
1055 1574 1096 1615 h.
1129 1586 1166 1615 e.
1197 1575 1344 1632 „„hoc
1372 1578 1477 1630 pete

0 1646 65 1685 yet
93 1642 173 1684 hoc
204 1642 271 1684 fac
302 1642 418 1684 viam
448 1642 504 1684 ad
535 1638 778 1699 ilh1‹l,<⁶“2)
809 1641 926 1683 unde
957 1641 1116 1683 strictim
1155 1647 1247 1700 est,
1290 1647 1336 1684 ut
1367 1642 1477 1684 haec

0 1708 215 1759 idoctrina
244 1708 389 1751 Al-N
387 1709 488 1751 cehw
518 1710 810 1763 vocitaretur,
852 1709 972 1761 cujus
1002 1708 1096 1763 ilia,
1127 1721 1237 1764 quae
1266 1709 1342 1751 Ali
1371 1723 1476 1765 pro-

0 1791 5 1820 ι
51 1777 295 1820 unciavisse
327 1777 485 1833 sertui,
516 1776 641 1819 initia
671 1780 772 1817 suut
802 1781 933 1831 atque
962 1775 1291 1818 fundamentum
1294 1776 1321 1801 (ζ
1349 1778 1475 1820 Haec

0 1882 4 1894 ,
63 1855 87 1885 e
117 1844 538 1887 munificentissimae
570 1843 629 1885 H.
667 1842 717 1885 Ο.
747 1842 1004 1884 Flesse-herz·
1034 1843 1263 1885 eruditioni
1293 1850 1475 1901 accepta

0 1922 11 1955 ε
45 1911 206 1968 eferre,
253 1916 406 1966 gratus
454 1911 670 1967 profiteor.
747 1911 887 1953 Teste
928 1910 1247 1954 Al-Beshmm·
1287 1914 1353 1965 (in
1389 1913 1474 1955 Al-

0 1994 10 2016 .·
65 1979 207 2020 ewcii‘d
224 1977 508 2032 ccl-fflislcejje
528 1978 633 2034 Cap.
656 1978 779 2020 XVI.
803 1977 911 2020 Cod.
931 1978 1040 2022 Sen.
1061 1980 1184 2035 Lips.
1199 1978 1374 2022 230.a.
1396 1982 1472 2038 b.)‚

0 2052 17 2099 ,ἱ
65 2043 347 2087 bu'l-Aszcad
367 2050 463 2088 erat
490 2045 635 2087 Kadhi
657 2046 908 2102 Bam-ensis,
938 2051 1127 2089 mortuus
1158 2061 1225 2090 ao.
1256 2046 1383 2104 Heg'.
1403 2048 1473 2091 69

0 2108 14 2172 ᾇ
46 2117 141 2168 post
184 2113 286 2155 Chr.
328 2111 663 2165 688-689),
702 2118 747 2156 et
776 2115 937 2170 primus
977 2127 1145 2167 eorum,
1195 2116 1266 2172 qui
1304 2121 1473 2172 partem

7 2289 14 2313 ·.
48 2282 155 2314 iserte
179 2284 248 2315 ait:
296 2291 407 2325 „cum
430 2283 602 2316 Dhamma
625 2285 754 2316 literae
782 2290 812 2324 Ο
842 2287 876 2317 et
901 2293 979 2317 cum
1004 2286 1122 2317 Kcsra
1146 2286 1337 2329 Hamzae‚“
1383 2297 1471 2330 ergo

7 2339 122 2409 [5357
160 2361 217 2391 vel
240 2361 346 2401 plene
380 2355 525 2412 ήΜη,
556 2371 645 2404 quae
678 2364 817 2404 quidem
846 2365 955 2405 plena
989 2366 1138 2405 scriptio
1170 2363 1349 2397 defectiva
1372 2365 1471 2397 dete-

7 2437 12 2468 ἶ
43 2437 96 2469 ior
119 2439 276 2470 habenda
301 2442 366 2472 est.

108 2505 147 2543 1)
170 2507 209 2537 Id
235 2508 338 2547 quod,
363 2508 555 2548 depravato
580 2518 706 2541 versus
730 2509 899 2541 kuranici
928 2518 1034 2541 sensu
1067 2512 1164 2548 (Sur.
1190 2512 1222 2548 9,
1247 2513 1317 2552 3.),
1354 2513 1469 2553 signi-

50 2562 122 2592 cat:
157 2562 326 2594 Profecto
359 2564 456 2594 Deus
491 2567 542 2596 nil
566 2568 751 2597 societatis
788 2568 894 2597 habet
919 2574 998 2597 cum
1022 2568 1251 2606 polytheisus
1282 2572 1317 2599 et
1347 2569 1468 2609 legato

50 2624 109 2647 uo.
162 2619 305 2659 Legere
344 2619 512 2652 debebat:
558 2616 897 2653 va—rasulu-hu
935 2623 968 2654 h.
1007 2631 1039 2654 e.
1079 2624 1211 2661 (Deus)
1254 2628 1289 2656 et
1327 2625 1468 2665 legatus

45 2679 130 2710 Jus.

36 2740 41 2795 Ι
108 2749 146 2787 2)
170 2751 297 2793 Stude,
340 2756 378 2783 ut
401 2753 489 2784 hacc
513 2761 704 2795 assequare
735 2744 817 2803 (Β
854 2765 933 2789 cnm
969 2761 1106 2796 accus.)
1143 2759 1256 2799 iisque
1287 2760 1467 2799 perceptis

38 2798 180 2863 'rotinus
202 2818 245 2848 ad
271 2819 406 2859 reliqua
433 2828 572 2862 pergam
