1934 3259
598 137 654 145 -
713 113 814 158 231
884 141 929 148 —-

173 221 249 268 En
307 223 655 292 generationem
717 230 1191 298 propagationemque
1242 236 1492 298 nominum,

2 292 321 349 srecffllditam
355 301 479 349 illam
514 319 571 352 ac
605 305 743 370 plane
778 307 1043 370 mirabilem,
1079 312 1125 361 in
1193 315 1346 370 ualin
1387 335 1491 366 uam

2 409 5 447 ἱ
39 372 299 426 hebraicam
364 397 539 429 ›roi-sus
594 383 789 432 eandem
837 403 939 435 cum
985 392 1216 439 sanserita
1268 395 1491 445 rationem

2 486 5 523 ὲ
39 454 248 534 viamque
308 458 539 508 ineuntem
593 460 821 512 videmus.
919 467 1218 534 Magnopere
1277 474 1490 538 profecto

2 537 3 584 3
35 533 300 584 hallucinati
345 536 473 585 sunt*
495 541 783 602 grammatici
794 580 807 604 ,
855 545 931 608 qui
975 546 1158 595 nomina.
1200 565 1355 599 earum
1397 569 1488 602 sex

1 616 4 670 i
37 612 254 661 classium
288 616 483 681 plurima
518 621 776 685 composita
811 639 922 671 esse
959 634 1282 688 asseruerunt,
1326 636 1373 679 et
1407 647 1489 680 se-

0 680 123 740 {met
173 691 305 756 ipsos
351 694 620 758 eludentes,
676 698 998 751 demonstrare
1053 706 1209 753 conati
1262 714 1369 756 sunt
1421 709 1486 770 id,

0 757 150 832 {quod
200 770 385 835 legibus
440 771 682 824 semitismi
739 780 860 827 omni
913 782 1093 831 ratione
1138 783 1485 836 adversaretur.

0 847 226 906 {Scilicet
259 851 353 912 isti,
391 868 493 901 cum
530 855 718 920 linguae
754 858 1028 921 hebraicae,
1076 878 1193 925 quae
1228 881 1360 911 nmm.
1399 882 1486 931 ap-

0 927 247 994 ppellativa
303 945 585 997 componere
639 941 686 983 et
735 936 840 1001 ipsa
893 939 1147 1005 scriptione
1193 944 1484 1007 conjungere

21 1021 118 1053 non
156 1009 417 1068 consuevit,
454 1011 556 1059 eins
594 1015 946 1080 compositionis
976 1019 1359 1069 consuetudinem
1395 1040 1485 1071 va-

0 1093 80 1147 lna
125 1085 343 1150 opinione
386 1088 512 1139 ducti
556 1091 858 1156 asfingerent,
914 1095 959 1144 ei
1004 1097 1347 1147 similitudinem
1393 1100 1482 1148 ali-

0 1150 152 1225 ¹quam
197 1180 299 1212 cum
345 1168 667 1218 sanseritismo
722 1189 850 1221 mere
895 1181 1135 1225 externam
1188 1179 1483 1227 obtruserunt

0 1277 2 1305 ι
22 1247 67 1288 et
101 1244 521 1307 necessitudinem,
576 1266 664 1312 qua
701 1266 802 1298 cum
839 1268 896 1300 eo
926 1255 1092 1316 juncta
1127 1261 1223 1315 est,
1260 1272 1376 1305 vere
1411 1257 1479 1304 in-

0 1318 171 1367 timam
208 1323 572 1387 abnegaverunt.
642 1328 945 1392 Ecquaenam
980 1333 1256 1399 compositio
1291 1335 1479 1396 arctior,

18 1413 298 1461 ecquaenam
336 1404 548 1452 subtilior
583 1422 694 1454 esse
730 1415 904 1473 potest,
942 1427 1075 1474 quam
1110 1412 1340 1460 nomininn
1376 1430 1478 1462 cum

14 1476 176 1524 affixis
230 1479 347 1543 illis,
398 1482 507 1530 licet
565 1483 848 1547 individuis,
911 1494 1062 1537 tamen
1117 1491 1477 1554 significationis

17 1556 233 1621 propriae
268 1576 360 1605 non
399 1562 708 1625 expertibus?
745 1581 862 1627 quae
899 1566 1082 1629 quidem
1117 1570 1262 1618 affixa
1297 1576 1345 1618 et
1378 1571 1475 1619 sor-

15 1635 185 1683 mativa
228 1643 274 1684 et
310 1637 678 1689 demonstrativa,
722 1658 877 1690 earum
921 1646 1153 1693 ambarum
1199 1647 1473 1712 linguarum,

15 1712 122 1762 sive
156 1714 329 1763 formas
366 1733 525 1765 eorum
563 1720 669 1768 sive
704 1727 966 1785 potestates
1002 1724 1305 1790 consideras,
1344 1744 1474 1776 com-

14 1792 163 1840 munia
207 1800 325 1842 sunt.
398 1796 579 1854 Quodsi
625 1799 786 1863 lingua
829 1800 1051 1850 hebraica
1094 1803 1140 1850 in
1187 1803 1277 1852 hac
1323 1821 1472 1871 coag-

14 1872 290 1921 mentatione
326 1874 612 1924 adstrictiori
649 1893 751 1925 cum
787 1880 1019 1928 sanserita
1054 1883 1302 1941 consentit,
1336 1886 1472 1950 parvi

0 1950 218 2014 ‚profecto
254 1952 410 2013 refert,
446 1961 593 2002 utrum
628 1955 676 2003 in
713 1958 1051 2022 compositione
1087 1960 1232 2008 altera
1266 1962 1472 2012 liberiori

15 2028 313 2093 solutiorique
349 2039 576 2097 congruat.
610 2052 668 2081 an
705 2035 956 2103 discrepet.
1027 2038 1202 2102 Neque
1238 2039 1360 2099 enim
1378 2047 1469 2090 tam

14 2115 217 2156 amentes
261 2126 444 2170 sumus,
493 2117 567 2174 ut,
627 2115 837 2162 omnibus
894 2117 1078 2166 omnino
1124 2117 1469 2169 discriminibus

15 2186 228 2248 sublatis,
274 2187 461 2253 linguas
504 2207 666 2239 sacras
709 2194 1031 2243 Hebraeorum
1076 2203 1214 2264 atque
1248 2197 1469 2248 Indorum

14 2279 143 2312 unam
190 2265 475 2330 eandemque
523 2285 633 2318 esse
682 2288 1041 2335 asseveremus,
1104 2292 1291 2338 quarum
1334 2276 1467 2325 inae-

14 2343 157 2406 qualis
219 2345 426 2393 varietas
488 2345 818 2414 disparilisque
878 2352 1067 2418 species
1123 2354 1287 2402 oculos
1340 2353 1464 2402 ferit.

13 2418 111 2468 Sed
156 2430 326 2485 quanta
373 2431 448 2473 est
491 2432 717 2476 externae
761 2430 936 2479 formae
980 2438 1027 2480 et
1070 2438 1282 2494 tanquam
1324 2431 1465 2482 faciei

12 2512 161 2547 earum
206 2500 556 2563 dissimilitudo,
601 2512 773 2554 tantam
816 2508 862 2556 in
905 2508 966 2557 iis
1002 2511 1355 2571 elementorum,
1400 2528 1464 2560 ex

12 2576 169 2638 quibus
224 2590 585 2643 concreverunt,
644 2585 907 2650 paritatem,
973 2594 1144 2636 tantam
1190 2604 1462 2654 compagum

10 2652 283 2706 internarum
319 2666 366 2710 et
407 2660 454 2708 in
491 2663 675 2712 occulto
711 2665 947 2716 latentium
991 2666 1314 2730 aequalitatem
1349 2684 1461 2718 esse

14 2734 343 2786 confirmamus.
