1956 3270
1015 98 1274 142 *6-

423 212 742 264 Christianum
771 213 915 280 prima
942 212 1257 262 hebraicarum
1279 211 1511 260 literarum
1541 211 1767 260 elementa
1786 211 1873 260 ad-

422 291 602 353 didicit,
636 293 788 341 nullos
813 293 1014 350 labores,
1048 291 1404 350 lucubrationes,
1434 295 1640 355 sumptus
1663 290 1874 338 evitasse

424 376 623 430 constat,
659 386 761 419 cum
795 371 1093 419 contentione
1128 385 1328 435 operosa
1363 376 1409 417 et
1437 369 1634 417 molesta
1662 367 1710 415 id
1738 385 1875 416 unum

423 449 707 510 molientem,
742 455 792 497 ut
825 448 1162 497 hebraicam
1206 447 1514 496 veritatem
1546 446 1732 513 penitus
1765 462 1876 512 per-

423 534 660 578 nosceret.
727 527 812 575 Ex
844 527 1077 592 Aegypto
1122 526 1456 591 Hierosolyma
1499 542 1747 584 reversus,
1790 524 1877 572 de-

425 604 494 652 dit
528 621 582 653 se
616 605 665 653 in
700 604 990 670 disciplinam
1026 604 1266 668 cujusdam
1303 603 1696 653 Bccr-Clzcmimze
1717 607 1878 666 (quem

423 683 683 732 Barabbam
728 683 1063 732 contumeliose
1108 684 1308 749 appellat
1352 683 1600 744 Rufinus),
1657 680 1879 741 doctoris,

425 762 492 809 uti
534 777 597 810 ex
632 761 863 826 discipulo
899 762 1196 827 conspicitur,
1239 761 1505 825 singularis,
1543 777 1675 824 quem
1711 775 1881 823 magno

425 841 576 906 pretio
612 839 911 901 conductum,
948 855 1049 888 cum
1092 840 1376 906 popularium
1409 839 1608 887 insidias
1641 843 1882 896 metueret,

425 924 566 966 noctu
602 917 740 966 domu
775 936 860 966 sua
896 919 1100 984 excepit.
1170 919 1236 966 Et
1269 925 1513 984 praeterea
1556 918 1602 965 in
1639 916 1884 982 scripturis

389 1004 391 1009 '
427 995 670 1044 vertendis
716 1003 854 1060 atque
899 996 1193 1063 explicandis
1239 997 1399 1045 socios
1435 1003 1483 1045 et
1517 995 1759 1059 adjutores
1795 994 1885 1042 sibi

426 1073 641 1138 adjunxit
674 1075 961 1123 Judaeorum
996 1075 1310 1138 doctissimos,
1347 1092 1532 1139 quorum
1569 1073 1806 1137 ingenium
1840 1078 1888 1121 et,

428 1151 685 1200 doctrinam
728 1154 988 1215 itentidem,
1023 1155 1155 1203 velut
1189 1154 1238 1202 in
1276 1154 1490 1220 epistolis
1525 1152 1585 1201 ad
1619 1154 1886 1211 Damasum,

427 1230 607 1292 laudat3
660 1232 887 1296 siquidem
942 1232 1219 1299 disciplinae
1267 1232 1489 1296 judaicae
1554 1231 1888 1279 necessitatem

429 1309 783 1374 traditionisque
810 1311 1033 1375 judaicae
1069 1311 1390 1359 auctoritatem
1424 1310 1595 1376 pluris,
1639 1326 1772 1372 quam
1807 1324 1890 1356 ae-

429 1389 615 1452 quales,
651 1390 948 1451 aestimabat,
985 1407 1073 1454 qua
1108 1389 1291 1453 quidem
1325 1405 1399 1449 re,
1447 1388 1656 1452 quamvis
1692 1384 1891 1436 concer'-

429 1467 620 1515 tationis
657 1484 759 1516 cum
793 1468 995 1517 Judaeis
1031 1468 1231 1516 studium
1265 1467 1618 1533 praetenderet,
1653 1466 1702 1514 in
1737 1464 1892 1514 odium

430 1546 672 1593 multorum
707 1548 1102 1611 offensionemque
1136 1547 1284 1613 ipsius
1302 1546 1563 1610 Augustini
1595 1543 1893 1610 (punicam

428 1623 635 1688 linguam
671 1631 719 1673 et
752 1626 1016 1675 hebraicam
1052 1625 1242 1674 easdem
1277 1641 1388 1673 esse
1423 1624 1708 1685 nescientis]
1735 1623 1895 1671 incur-

431 1703 505 1751 rit.
575 1704 789 1764 Memini,
823 1705 969 1768 inquit
1003 1704 1051 1752 in
1084 1703 1373 1770 praefatione
1408 1702 1469 1750 ad
1503 1703 1690 1762 Jobum,
1726 1717 1799 1750 me
1834 1702 1894 1750 ob

431 1781 786 1846 intelligentiam
829 1782 970 1846 hujus
1025 1783 1274 1831 voluminis
1318 1781 1611 1845 Lyddaeum
1667 1779 1895 1844 quendam

432 1867 806 1927 praeceptorem,
852 1862 929 1924 qui
967 1861 1089 1928 apud
1122 1862 1370 1910 Hebraeos
1405 1861 1579 1927 primus
1614 1859 1775 1908 haberi
1810 1877 1898 1925 pu-

431 1940 636 1999 tabatur,
673 1956 764 1988 non
800 1940 962 2006 parvis
998 1940 1258 1989 redemisse
1285 1940 1492 1999 nummis,
1529 1941 1664 2004 cujus
1687 1938 1898 1987 doctrina

433 2034 493 2066 an
535 2017 710 2081 aliquid
753 2019 1059 2084 profecerim,
1104 2019 1283 2068 nescio.
1362 2018 1584 2082 Idemque
1629 2018 1676 2065 in
1711 2017 1898 2083 praefa-

435 2096 562 2146 tione
598 2097 658 2144 ad
692 2097 854 2146 librum
889 2098 1276 2164 Paralipomenon
1311 2098 1396 2146 ait:
1433 2096 1554 2147 Cum
1588 2096 1737 2144 literis
1773 2113 1801 2143 a
1822 2111 1896 2144 me

435 2192 583 2242 nuper
603 2176 929 2245 flagitassetiS,
965 2183 1015 2224 ut
1049 2177 1187 2225 vobis
1208 2177 1595 2243 Paralipomenon
1616 2175 1758 2223 latino
1794 2190 1898 2222 ser-

435 2269 572 2302 mone
606 2256 920 2315 transferrem,
956 2255 1017 2304 de
1044 2255 1296 2305 Tiberiade
1329 2256 1454 2319 legis
1484 2254 1709 2318 quendam
1730 2252 1899 2301 docto-

435 2348 547 2392 rem,
581 2333 659 2396 qui
679 2333 802 2399 apud
820 2335 1068 2383 Hebraeos
1092 2334 1382 2382 admirationi
1410 2333 1676 2392 habebatur,
1696 2331 1899 2379 assmnsi

437 2416 486 2458 et
521 2412 694 2459 contuli
729 2422 832 2471 cum
867 2429 926 2461 eo
962 2431 990 2460 a
1023 2413 1225 2472 vertice,
1261 2419 1312 2460 ut
1345 2415 1497 2476 ajunt,
1531 2428 1680 2475 usque
1716 2410 1776 2458 ad
1810 2426 1900 2458 ex-

436 2494 628 2538 tremum
662 2507 879 2555 unguem.
936 2492 1201 2541 Provectus
1230 2495 1328 2555 jam
1363 2497 1531 2551 aetate,
1569 2506 1670 2538 cum
1697 2490 1902 2553 linguam

439 2568 808 2618 chaldaicam
861 2569 1110 2620 addiscere
1151 2572 1322 2631 vellet,
1374 2586 1535 2617 rursus
1579 2568 1640 2616 ad
1686 2583 1902 2634 synago-

438 2663 549 2711 gam
603 2664 658 2698 se
711 2649 905 2698 contulit
948 2650 1238 2714 Judaeique,
1290 2649 1528 2712 utriusque
1581 2648 1770 2711 linguae
1814 2663 1904 2695 usu

438 2742 657 2792 perquam
692 2729 852 2794 periti,
908 2729 1060 2778 sactus
1096 2736 1171 2778 est
1205 2728 1484 2791 tirunculuS,
1533 2725 1781 2791 OrigeniS,
1819 2740 1904 2773 cu-

434 2806 518 2870 jus
552 2822 737 2857 errores
772 2807 1067 2874 dogmaticos
1100 2807 1335 2874 rejiceret,
1372 2806 1632 2874 exemplum
1659 2805 1749 2855 hac
1776 2803 1825 2854 in
1850 2819 1903 2853 re
