1934 3259
639 110 695 118 ,a
755 83 940 127 81—-

58 198 355 262 12,305,412
391 197 620 248 vocabula
662 197 1002 261 (adnumeratis
1047 215 1211 265 nempe
1253 199 1509 257 derivatis)

57 279 330 330 contineret.
410 277 481 325 At
534 292 637 325 cum
691 276 781 325 hac
835 277 1013 325 ratione
1058 278 1211 326 indies
1257 278 1510 343 perfectior

56 358 272 422 ingenio,
319 355 596 405 elaboratior
640 353 867 402 industria
918 356 1072 414 fieret,
1126 357 1330 419 tantique
1385 355 1509 421 apud

55 436 206 503 ipsam
241 435 569 484 vocabulorum
604 433 764 481 acervi
789 439 1182 492 construerentur,
1218 436 1305 482 vix
1339 440 1389 482 ut
1422 451 1508 499 pe-

57 515 221 564 cunias
276 530 387 562 suas
439 528 678 560 numerare
732 519 918 578 posset,
974 513 1262 560 necessitate
1313 512 1509 576 quadam

57 599 248 641 naturae
283 591 456 651 evenit,
491 597 541 639 ut
573 608 601 638 a
634 590 831 656 pristina
872 597 1009 653 atque
1051 590 1269 654 originali
1313 592 1510 656 puritate

56 669 1000 738 1}wa
1026 676 1096 729 ut,
1142 670 1329 717 novatis
1374 670 1510 717 innu-

56 749 197 796 meris
249 748 517 808 vocabulis,
560 755 822 813 potestates
866 749 1197 796 vocabulorum
1249 748 1511 813 primitivas

56 827 322 876 obliteraret
356 843 602 891 eorumque
645 834 801 892 etyma
844 826 964 874 adeo
1009 826 1328 874 inobscuraret
1373 834 1511 890 atque

57 906 296 965 obrueret,
331 913 395 966 ut,
429 906 533 972 ipsa
577 922 734 954 eorum
780 905 932 969 magis
975 905 1218 968 magisque
1262 905 1511 965 immemor,

56 984 328 1033 amissorum
373 984 634 1033 memoriam
679 1001 808 1045 sero,
857 1000 958 1032 cum
1002 1000 1095 1031 non
1138 989 1324 1048 posset,
1371 1000 1510 1031 reno-

56 1079 171 1111 vare
205 1069 408 1128 cuperet.
444 1063 573 1111 Nam
608 1079 741 1124 „cum
777 1069 877 1111 orta,
912 1061 1213 1110 Muhamedis
1232 1061 1510 1125 religione‘⁴,

56 1141 202 1205 inquit
237 1141 621 1202 Slzems-ecl-de‘n,
657 1142 942 1207 „periculum
978 1141 1112 1188 exitii
1132 1141 1321 1204 linguae
1356 1140 1511 1188 arabi-

4 1221 8 1262 i
60 1235 146 1268 cae
180 1219 461 1280 immineret,
501 1220 648 1285 jussit
693 1219 988 1268 Abu-Taleb
1034 1224 1118 1281 (ιιι.
1165 1235 1205 1267 c.
1254 1218 1404 1281 620),
1461 1224 1512 1266 ut

58 1298 404 1347 Abu’l-Asvad
438 1315 539 1347 eam
574 1299 902 1362 grammaticae
937 1299 1118 1362 regulis
1146 1297 1512 1361 adstringe1·et.“

59 1377 199 1425 Hunc
234 1369 347 1424 artis
383 1377 709 1440 grammaticae
744 1384 979 1443 parentem
1016 1377 1216 1425 insecuti
1252 1382 1358 1424 sunt
1393 1374 1513 1436 Scae}

4 1475 7 1494 ι
57 1455 174 1517 bujcc
208 1454 544 1518 clarissimique
589 1455 830 1520 Kufensis
871 1463 949 1504 aut
990 1455 1294 1505 Bazorensis
1338 1453 1517 1502 acade-

57 1533 176 1580 miae
211 1532 447 1592 doctoreS,
493 1534 590 1596 qui,
636 1534 699 1581 uti
744 1534 864 1582 inter
905 1534 1121 1582 Judaeos
1166 1533 1420 1581 Andalusii
1467 1538 1515 1580 et

55 1610 175 1670 Itali,
212 1610 272 1658 de
308 1612 446 1658 rebus
481 1612 796 1674 grammaticis
839 1613 887 1660 in
930 1613 1254 1661 controversia
1305 1618 1352 1660 et
1397 1627 1514 1660 con-

55 1689 264 1737 tentione
300 1690 607 1737 versabantur
643 1694 939 1774 [fflfqdlj
982 1693 1250 1765 ὠμῇ-ΞΜ
1297 1690 1512 1758 essedae]-

57 1767 149 1826 Qui
194 1766 376 1830 quidem
420 1784 602 1827 omnes,
648 1769 758 1817 licet
800 1785 941 1817 sensu
989 1785 1168 1832 usuque
1223 1769 1412 1832 linguae
1464 1773 1517 1815 ut

55 1845 293 1912 plurimum
328 1846 546 1911 polleant,
580 1853 732 1894 tamen
767 1847 813 1894 in
850 1847 1022 1912 etymis
1059 1848 1335 1911 omninoque
1369 1846 1516 1895 ratio-

56 1924 192 1972 nibus
237 1925 424 1988 linguae
470 1925 689 1974 eruendis
734 1926 979 1975 luminibus
1022 1927 1146 1992 capti
1194 1932 1314 1975 sunt.
1405 1925 1515 1973 Huc

57 2001 255 2062 accedit,
292 2002 414 2066 quod
448 2003 607 2067 lingua
642 2005 829 2053 arabica
872 2005 1062 2071 primum
1103 2005 1152 2053 in
1195 2004 1368 2053 Arabia
1413 2004 1537 2058 Fe-f·

58 2080 162 2141 lici,
209 2097 326 2144 quae
362 2082 639 2130 amoenitate
675 2099 732 2131 ac
782 2084 1022 2132 fertilitate
1066 2101 1152 2131 sua
1206 2082 1515 2142 Judaeorum,

58 2157 430 2209 Christianorum
466 2167 512 2208 et
546 2160 832 2227 Aethiopum
881 2162 1091 2210 colonias
1134 2162 1383 2222 allexerat,
1389 2177 1516 2226 —pes

56 2238 344 2304 regrinarum
377 2239 637 2303 linguarum
672 2240 948 2305 corrujgtelis
985 2240 1241 2305 depravata
1260 2256 1374 2305 puro
1410 2240 1516 2287 He·-

57 2314 345 2379 g'azensium
408 2319 659 2380 nativoque
723 2318 1037 2367 Beduinorum
1093 2318 1295 2367 sermoni
1352 2318 1515 2378 cessit,

59 2393 229 2443 deinde
265 2395 402 2458 quod,
440 2412 541 2444 cum
577 2396 913 2445 Muliamedani
948 2397 1186 2463 popularis
1231 2396 1421 2460 linguae
1456 2397 1516 2444 fi-

58 2489 146 2521 nes
181 2473 240 2520 ad
274 2475 485 2523 nationes
521 2474 738 2522 devictas
773 2481 1102 2541 prorogarent,
1139 2475 1279 2523 multa
1322 2477 1517 2524 barbara

58 2552 288 2600 elementa
321 2554 367 2601 in
402 2570 456 2602 se
474 2555 692 2620 recepit,
740 2569 857 2616 quae
911 2570 1135 2621 respuere
1180 2570 1271 2602 non
1317 2560 1516 2619 poterat,

59 2631 205 2679 veluti
249 2631 298 2678 in
350 2631 582 2698 Aegypto
628 2632 704 2695 (id
754 2632 876 2696 quod
929 2634 978 2680 in
1023 2633 1139 2681 libro
1185 2632 1268 2680 Ml
1314 2632 1518 2681 noctium

61 2709 367 2758 solertissime
431 2710 766 2759 demonstravit
821 2712 868 2759 in
928 2712 1122 2761 Glossis
1187 2711 1516 2760 Habichtianis

62 2788 130 2835 H.
171 2787 226 2836 Ο.
264 2789 629 2853 maselzer-us),
666 2790 865 2854 denique
902 2789 1039 2854 quod,
1077 2806 1179 2840 cum
1203 2789 1394 2840 Arabes
1428 2789 1516 2838 do-

1181 2865 1213 2910 6
