1934 3259
660 127 923 171 —7—

65 242 326 294 imitandum
359 246 503 291 ratus,
558 240 666 291 Hac
686 240 904 291 discendi
926 241 1006 290 via
1023 242 1343 309 Hieronymus
1365 243 1520 296 sactus

64 328 141 371 est
182 321 521 370 eruditissimus
565 336 623 369 ac
671 320 1015 369 literatissimus
1055 323 1237 370 veteris
1281 323 1520 373 ecclesiae

64 400 242 459 doctor,
279 399 488 465 Origene
510 399 600 448 hoc
618 399 944 465 praestantior,
980 415 1071 463 quo
1101 401 1369 451 florentiora
1387 408 1521 451 erant

63 479 399 528 academiarum
433 478 843 545 palaestinensium
876 483 1107 544 tempora,
1152 478 1200 526 in
1235 496 1353 542 quae
1386 486 1521 529 aetas

64 560 172 622 ejus
206 557 367 606 incidit
383 557 442 620 ¹).
545 557 729 621 Magna
763 562 838 605 est
871 556 993 606 enim
1028 562 1177 606 status
1200 557 1520 608 hebraicorum

65 636 318 685 studiorum
354 634 679 685 talmudico
712 641 919 701 tempore
944 636 992 684 in
1016 652 1269 701 synagoga
1293 642 1341 685 et
1361 638 1519 686 eccle-

63 715 136 762 sia
171 713 420 763 similitudo
450 720 586 778 atque
605 714 876 779 aequalitas,
913 731 1046 777 quam
1067 715 1110 762 si
1134 715 1415 779 agnovisset
1434 717 1469 764 J
1474 734 1516 765 o.

63 792 306 853 CleriCUS,
341 799 517 859 patrum
562 794 842 842 obtrectator
886 792 1190 854 invidiosior,
1239 794 1345 842 aliis
1379 794 1520 842 armis

63 871 296 920 adversus
314 873 656 921 Martianaeum
678 871 726 920 in
747 871 1111 930 Quaestionibus
1133 872 1519 937 Hieronymianis

62 951 358 999 certavisset.
411 950 545 1011 Illud,
581 950 833 1015 diligenter
868 950 1072 999 evolutis
1093 951 1371 1016 Hieronymi
1407 967 1522 1016 ope-

61 1028 211 1089 ribus,
256 1030 500 1089 confirmo,
544 1045 649 1078 eum
692 1029 1081 1095 pretiosissimum
1126 1029 1362 1093 quodque,
1399 1029 1523 1093 quod

61 1106 122 1156 de
157 1107 391 1157 thesauris
435 1108 535 1156 suis
580 1124 836 1173 synagoga
880 1108 973 1174 ipsi
1009 1109 1348 1175 suppeditaret,
1394 1115 1523 1156 tanta

60 1203 163 1237 cum
197 1187 426 1251 religione
460 1193 598 1251 atque
634 1187 871 1251 elegantia
905 1187 953 1235 in
989 1187 1225 1236 ecclesiae
1259 1203 1429 1251 gazam
1446 1202 1526 1235 re-

60 1267 250 1327 tulisse,
294 1272 343 1314 ut
381 1270 522 1330 juxta
558 1265 751 1315 codices
786 1265 1064 1315 talmudicos
1099 1269 1205 1330 ejus
1242 1281 1384 1331 opera
1416 1266 1525 1314 fon-

61 1350 135 1393 tes
170 1344 433 1393 traditionis
469 1345 685 1409 judaicae
720 1344 987 1394 secundarii
1014 1345 1107 1393 sint
1127 1344 1381 1393 censenda.
1426 1344 1524 1392 At-

61 1423 139 1486 qui
183 1422 275 1470 hoc
318 1439 497 1486 quoque
532 1440 695 1471 verum
729 1429 824 1484 est,
871 1423 1076 1489 peritiam
1112 1424 1302 1487 linguae
1340 1422 1525 1471 hebrai-

60 1517 162 1558 cae,
199 1518 288 1564 qua
321 1500 557 1565 Origenes
593 1508 640 1550 et
677 1501 998 1566 Hieronymus
1027 1501 1235 1565 judaicis
1269 1501 1525 1549 institutio-

61 1580 147 1630 bus
183 1579 341 1628 imbuti
375 1585 521 1638 erant,
558 1579 713 1639 valde,
750 1580 818 1627 uti
852 1586 1061 1645 tempora
1094 1580 1317 1639 serebant,
1352 1580 1525 1646 imper-

59 1658 231 1707 fectam
276 1675 389 1707 esse
425 1664 472 1706 et
508 1658 659 1706 omnia
699 1658 817 1706 vitia
852 1675 909 1707 ac
944 1658 1202 1724 pravitates
1238 1658 1525 1722 cognitionis

60 1736 290 1786 sermonis
324 1736 532 1786 hebraici
567 1736 845 1785 talmudicae
880 1736 1185 1802 participare,
1221 1739 1356 1800 cujus
1392 1737 1526 1799 quasi

62 1814 220 1863 rudior
265 1821 365 1863 erat
407 1815 610 1879 effigies.
682 1815 872 1863 Etenim
908 1815 1115 1864 ecclesia
1150 1815 1195 1862 in
1234 1815 1403 1863 studiis
1437 1815 1526 1864 he-

62 1894 248 1953 braicis,
282 1900 332 1941 ut
367 1893 594 1960 deinceps
629 1894 908 1953 videbimus,
945 1894 1147 1957 singulis
1169 1896 1397 1943 aetatibus
1417 1911 1527 1960 per-

62 1980 227 2021 secuta
256 1979 342 2020 'est
384 1974 591 2037 vestigia
633 1988 939 2039 synagogae,
977 1989 1097 2036 quae
1131 1990 1223 2022 non
1259 1975 1407 2023 solum
1444 1990 1528 2023 co-

62 2051 184 2099 dicis
229 2051 464 2100 hebraicis
498 2051 648 2099 literis
684 2052 870 2117 scripti,
916 2050 1004 2099 sed
1041 2052 1179 2100 etiam
1214 2053 1403 2118 linguae
1438 2052 1528 2101 he-

62 2131 248 2181 braicae
294 2136 457 2180 custos
494 2129 719 2178 divinitus
755 2137 829 2178 est
864 2130 1130 2179 constituta.
1200 2133 1353 2196 Igitur
1389 2132 1526 2180 etiam

62 2216 222 2276 patres
269 2209 529 2269 ecclesiae,
578 2209 655 2272 qui
700 2215 852 2258 aetate
898 2209 1147 2258 talmudica
1191 2210 1434 2269 vixerunt,
1482 2210 1529 2258 si

64 2305 197 2352 quam
241 2289 430 2352 linguae
473 2287 724 2337 hebraicae
759 2288 964 2336 notitiam
1000 2288 1196 2348 habent,
1242 2306 1528 2354 synagogae

64 2363 303 2431 acceptam
353 2367 582 2427 referunt,
638 2383 786 2430 eaque
838 2366 1025 2425 notitia,
1080 2367 1192 2416 licet
1236 2369 1294 2416 ab
1335 2368 1455 2433 ipsis
1499 2386 1527 2415 a

65 2446 257 2512 profano
292 2463 381 2494 usu
415 2445 475 2493 ad
510 2462 693 2495 sacrum
727 2446 951 2494 translata
986 2446 1069 2505 sit,
1112 2464 1341 2510 nunquam
1376 2453 1528 2495 tamen

65 2525 353 2589 synagogali
395 2530 469 2573 est
511 2525 845 2591 praestantior,
889 2526 1157 2591 plerumque
1200 2525 1527 2592 imperfectior,

65 2603 315 2669 impolitior
366 2603 582 2667 illiusque
636 2603 831 2668 gradum
878 2621 1023 2669 aegre
1067 2605 1319 2669 attingens.
1400 2605 1529 2653 Hinc

66 2682 115 2731 in
151 2681 367 2748 operibus
401 2689 577 2749 patrum
605 2691 816 2734 veterum
847 2684 927 2733 illa
954 2701 1058 2734 cum
1087 2684 1335 2734 traditione
1355 2699 1527 2733 cascae

188 2842 228 2893 ¹)
256 2845 290 2884 Ι.
323 2839 378 2885 G.
411 2846 615 2898 CarpZOV,
645 2846 792 2887 critica
821 2850 945 2887 Sacra
975 2849 1048 2888 VI.
1078 2848 1122 2896 §-
1154 2846 1194 2886 2.
