1934 3259
645 94 946 137 -11-

64 223 230 259 sacros
264 205 522 256 vertendos
565 205 968 272 exponendosque
1002 211 1102 256 erat
1143 207 1374 259 adhibita!
1417 211 1527 260 Ex-

63 287 247 336 stiterat
280 286 445 334 Juda
487 284 883 350 ibn-Chajuy
922 286 1194 348 Fessanus,
1238 305 1528 354 cognomen-

64 370 188 413 tatus
223 365 303 414 ille
326 361 706 427 Abu-Zelcerijcc
740 364 994 428 meritoque
1029 373 1162 430 pater
1196 369 1527 432 grammaticae

63 444 345 510 appellatus,
383 443 481 508 qui,
518 444 919 507 grammaticorum
954 445 1258 509 superiorum,
1294 447 1529 497 radicales

62 529 192 571 certo
228 539 414 571 numero
449 538 543 570 nou
577 521 981 586 adstringentium,
1017 523 1219 571 libertati
1248 526 1528 590 refragatus,

63 602 235 668 primus
271 601 526 650 doctrinam
561 601 622 649 de
657 601 894 650 radicibus
929 602 1199 651 verbalibus
1235 605 1378 652 certis
1414 606 1528 654 artis

62 679 509 747 praescriptionibus
566 681 845 728 obvallatam
899 682 1120 746 exposuit
1174 682 1422 746 legemque
1468 683 1529 734 de

63 758 466 823 trigrannnatismo
513 759 738 819 sancivit3
791 762 928 823 cujus
980 759 1223 809 doctrinae
1267 763 1530 825 quantulum

62 838 112 887 in
157 837 407 887 ecclesiam
452 838 657 898 transiit,
712 838 981 887 mirabiliter
1024 855 1322 905 perversum,
1374 841 1530 889 neuti-

61 933 197 981 quam
231 917 542 977 emendatum,
588 917 758 966 nedum
801 919 1056 984 perfectum
1091 925 1180 967 est.
1250 919 1392 968 Hunc
1428 920 1531 968 cin-

61 996 134 1060 git
169 996 367 1044 maxima
402 1013 576 1045 corona
610 997 1012 1060 grammaticorum
1051 998 1437 1057 clarissimorum,
1481 998 1530 1046 in

63 1075 231 1139 quibus
287 1075 744 1124 Abalus-alidum
796 1075 1061 1125 Blervan
1123 1073 1529 1136 ibn-'Gancclz,

60 1160 240 1219 septem
274 1155 492 1203 librorum
527 1155 930 1219 grammaticorum
965 1162 1216 1215 auctorem,
1252 1154 1531 1205 Samuelem

110 1231 252 1298 fayid,
289 1234 365 1298 qui
399 1235 545 1283 libros
583 1234 752 1299 viginti
779 1234 871 1284 duo
902 1235 1100 1298 reliquit,
1122 1233 1302 1283 Mosen
1328 1233 1531 1283 Geccctc'-

62 1312 156 1371 lia,
202 1313 451 1361 Jalfobum
486 1312 731 1373 Elcczm’i,
779 1313 1207 1372 Ibn-Ezram,
1251 1313 1529 1374 Tlhonidas,

67 1390 404 1451 Qimclcz‘os,
450 1392 554 1455 quis
589 1399 664 1440 est
699 1393 805 1456 quin
839 1394 1027 1457 ignoret
1042 1392 1121 1455 ¹J?
1167 1392 1252 1440 Ne
1287 1409 1404 1441 vero
1440 1409 1530 1441 nos

61 1469 234 1535 pudeat
269 1470 504 1530 confiteri,
541 1471 806 1533 ecclesiam,
843 1472 918 1520 cui
952 1473 1144 1520 verbum
1179 1471 1273 1519 Dei
1308 1471 1531 1537 scriptum

60 1547 215 1596 indies
252 1549 404 1612 magis
441 1549 674 1609 sorderet,
711 1550 1012 1614 grammatica
1044 1550 1337 1599 Judaeorum
1373 1568 1529 1617 opera,

60 1642 126 1675 ex
169 1627 333 1690 quibus
378 1628 516 1694 inops
563 1630 620 1676 ab
666 1630 856 1676 auxiliis
902 1630 1009 1677 aliis
1052 1629 1298 1677 maximum
1332 1630 1531 1679 fructum

62 1721 234 1772 capere
277 1713 483 1772 poterat,
528 1724 722 1773 prorsus
756 1707 931 1756 intacta
966 1708 1232 1771 reliquisse.
1304 1709 1408 1768 Quo
1444 1709 1532 1757 mi-

62 1802 151 1833 nus
197 1785 316 1834 enim
362 1786 555 1835 honoris
591 1794 691 1835 erat
726 1786 986 1852 scripturae
1022 1804 1213 1846 sacrae,
1260 1803 1319 1837 eo
1355 1788 1532 1836 minora

62 1864 295 1913 literarum
330 1865 649 1914 hebraicarum
684 1865 841 1914 studia
874 1866 1072 1927 suerunt,
1108 1883 1197 1915 nec
1233 1867 1276 1914 si
1311 1867 1387 1930 qui
1416 1882 1533 1915 con-

65 1943 276 1992 certandi
319 1944 474 1993 studio
509 1945 557 1993 in
592 1945 653 1994 iis
688 1946 1069 2005 elaboraverant,
1118 1945 1409 1994 Judaeorum
1444 1962 1532 2011 pe·-

63 2023 198 2071 ritiae
244 2023 598 2089 responderunt.
668 2024 813 2073 Aevo
851 2023 1076 2074 Carolino
1113 2031 1282 2090 coepta
1318 2031 1393 2073 est
1428 2024 1530 2088 qui-

62 2101 169 2151 dem
206 2102 426 2151 hebraica
461 2103 621 2167 lingua
655 2104 840 2170 publice
875 2102 1037 2153 doceri
1073 2104 1272 2152 consilio
1294 2103 1531 2151 instituto-

63 2197 154 2245 que
200 2180 373 2230 Caroli
414 2180 619 2247 stlayni,
666 2183 790 2246 atqui
825 2200 882 2231 ea
916 2200 995 2232 res
1031 2199 1120 2231 nec
1154 2199 1382 2249 prospere
1419 2198 1531 2231 suc-

63 2261 214 2310 cessit
248 2276 398 2324 neque
432 2269 785 2326 perseveratum
820 2268 908 2310 est.
954 2262 1217 2311 Literarum
1240 2261 1531 2310 orientalium

64 2340 275 2390 barbarie
288 2339 549 2388 seculorum
569 2342 877 2390 extinctarum
897 2340 1232 2406 quodammodo
1250 2340 1430 2389 vindex
1444 2340 1532 2388 ha-

67 2420 248 2470 bendus
283 2427 357 2468 est
376 2420 670 2470 Fre‘dere‘cus
704 2421 783 2469 ille
804 2421 867 2481 II,
905 2437 968 2469 ex
990 2421 1199 2469 Henrico
1227 2420 1310 2468 VI.
1331 2427 1377 2468 et
1396 2418 1530 2469 Con-

67 2499 239 2548 stantia
275 2499 404 2563 regis
427 2499 624 2548 Siciliae
646 2500 740 2548 filia
759 2508 910 2560 natus,
934 2500 1025 2563 qui,
1047 2498 1350 2566 expeditione
1369 2498 1416 2546 in
1434 2499 1532 2545 Pa-

67 2577 311 2627 laestinam
340 2577 473 2626 1228
501 2586 723 2646 suscepta
753 2579 1194 2646 Hierosolymisque
1229 2594 1331 2627 cum
1363 2593 1532 2642 magna

187 2748 228 2799 ¹]
259 2753 302 2789 S.
342 2751 470 2789 David
506 2754 728 2797 Luzzatto,
764 2752 1044 2802 Prolegomeni
1082 2753 1130 2788 ad
1160 2763 1239 2788 una
1269 2748 1534 2788 Grammatica

74 2818 300 2868 Ragionata
329 2820 434 2859 della
461 2821 620 2871 Lingua
649 2822 822 2862 Ebraica
850 2822 1034 2873 (Padova
1063 2820 1201 2871 1836)
1229 2832 1267 2869 p.
1299 2817 1366 2858 26.
1394 2827 1451 2857 ss.
