1934 3259
772 229 821 268 21

46 402 188 447 tiquam
214 399 473 434 tantummodo
500 398 547 433 ad
575 397 634 433 Ps.
656 400 721 433 41.
750 410 867 445 usque
887 398 1115 443 pertinuisse
1136 400 1224 434 inde
1244 400 1396 447 probari
1416 406 1553 447 potest,

44 467 162 515 quod,
193 467 223 501 si
245 466 290 501 ad
313 465 372 501 Ps.
396 467 458 500 72.
480 477 599 512 usque
619 466 840 512 pertineret,
871 466 952 511 ejus
974 471 1107 499 auctor
1127 464 1187 501 Ps.
1209 467 1369 502 eundem
1390 467 1447 502 bis
1467 466 1552 515 (14.

44 533 90 569 cf.
113 532 194 580 53.)
226 534 442 580 recepisset.
504 531 601 567 Nam
622 531 682 567 Ps.
704 531 766 566 53.
792 532 983 575 (recensio
1012 529 1151 566 Psalmi
1179 534 1238 567 14.
1268 533 1469 568 elohimica
1494 546 1554 568 re-

43 598 207 651 centior)
235 600 533 635 additamentum
558 601 748 646 posterius
777 600 959 633 insertum
986 611 1067 633 esse
1085 600 1240 645 poterit,
1270 600 1307 634 id
1338 601 1437 647 quod
1467 613 1554 647 pro-

41 673 169 715 pterea
189 679 256 714 pro
279 674 382 701 certo
403 668 600 710 sumimus,
629 667 717 713 quia
738 664 816 701 Pss.
839 664 901 699 52.
924 671 960 699 et
981 664 1043 700 54.
1066 666 1176 712 plane
1196 668 1350 715 gemelli
1372 664 1555 715 <uterque

40 729 174 779 Eanum,
191 739 351 782 uterque
370 734 578 769 secundum
593 734 862 780 inscriptiones
883 732 947 777 52,
968 733 1004 767 2.
1028 732 1093 777 54,
1109 734 1144 767 2.
1166 732 1411 769 fundamento
1434 734 1554 770 histo-

41 802 120 836 rico
143 801 333 836 consimili
354 801 492 846 innixi,
509 807 669 848 uterque
688 801 726 834 in
745 806 875 836 votum
888 799 1023 834 iisdem
1039 800 1164 835 verbis
1180 812 1402 847 expressum
1413 801 1479 846 52,
1495 803 1508 836 l
1523 803 1554 836 l.

42 867 107 913 54,
130 869 164 904 8.
186 865 410 918 exeuntes),
443 868 507 915 qui
534 880 556 903 a
577 869 782 902 collectore
814 880 860 901 ex
890 867 1064 902 instituto
1096 867 1278 903 similia
1312 869 1556 903 similibus

41 936 331 985 adjungente
368 936 535 982 copulati
572 941 699 979 erant,
738 935 940 981 interjecto
971 931 1031 968 Ps.
1060 933 1123 968 53.
1158 929 1408 982 (quamquam
1440 947 1486 969 ne
1519 935 1556 969 id

40 1005 162 1051 ipsum
181 1002 334 1050 quidem
353 1008 494 1036 temere
514 1001 657 1036 factum
678 1014 759 1036 esse
781 1000 1010 1036 censendum
1031 998 1107 1052 est>
1130 1001 1268 1037 divulsi
1291 1008 1389 1037 sunt.

152 1103 936 1152 Quodsi—QQfflersjoxmexceptis
965 1102 1235 1138 additamentis
1265 1098 1571 1150 posterioribus,[

41 1170 120 1207 Pss.
158 1172 314 1206 1—72.
352 1153 1570 1217 comp—rebfflmhag--Ewaldis.„co.njecturram,wquass„noniinisi

39 1233 158 1272 0⁸³5&
188 1240 226 1273 in
252 1236 332 1273 Pss.
355 1238 543 1272 42—83.
570 1237 815 1271 crebritatem
841 1249 887 1271 ex
918 1238 1214 1283 interpolatione
1242 1238 1459 1272 collectoris
1490 1249 1557 1271 ex-

1568 1286 1569 1297 ¹

40 1307 183 1354 plicare
221 1311 399 1349 conatur,
438 1317 593 1352 prorsus
632 1304 921 1351 improbabilem
958 1317 1042 1355 esse
1067 1304 1262 1355 lfflet·
1275 1302 1352 1339 Die
1389 1303 1623 1347 mittlereiss
1654 1343 1659 1345 ἢ

42 1371 284 1421 Sammlung,
316 1373 442 1419 inquit
460 1370 539 1407 Ew.
534 1398 556 1416 .,
588 1383 689 1406 ‘mass
710 1372 783 1407 clm·
787 1370 832 1405 eli
854 1371 958 1405 eines
980 1352 1191 1406 harmasti-s
1212 1369 1335 1407 Hand
1351 1383 1556 1419 gegangen

40 1441 145 1485 sein,
174 1440 245 1475 der
275 1438 428 1474 imm-all
459 1438 578 1474 lieber
602 1432 746 1471 ΕἾΠΒΝ
774 1436 833 1472 als
864 1441 973 1469 ³¹³³*
995 1444 1135 1482 setzte,
1166 1437 1229 1473 hie
1250 1439 1327 1473 und
1346 1436 1555 1484 dajedoch

41 1507 173 1543 diesen
189 1503 336 1540 Namen
356 1505 488 1541 steheu
510 1505 600 1540 liess
621 1506 698 1540 med
715 1517 839 1553 gegen
861 1505 932 1540 clas
954 1504 1060 1540 Emle
1081 1504 1147 1539 ltin
1170 1505 1206 1539 z'n
1228 1506 1310 1540 dem
1333 1503 1431 1539 auch
1454 1503 1555 1540 uach

41 1574 190 1609 andern
214 1572 402 1608 Gre'anen
429 1571 512 1607 siclt
541 1578 655 1607 etwas
674 1570 1045 1607 untersclzeidenden
1065 1569 1255 1620 Anhange
1278 1572 1386 1606 84—
1403 1572 1465 1606 89.
1486 1584 1555 1606 uus

42 1641 182 1690 irgeml
201 1640 309 1675 einer
334 1638 511 1674 Ursache
530 1651 602 1674 von
621 1639 751 1673 seiner
774 1636 872 1673 Siue
893 1637 1044 1673 abliess.
1089 1636 1187 1673 Nam
1207 1640 1238 1674 si
1260 1637 1340 1674 Pss.
1363 1639 1555 1683 42—72.,

41 1708 165 1743 demta
192 1706 400 1754 appendice
433 1707 636 1750 73—89.,
670 1718 755 1740 cum
776 1703 855 1740 Pss.
882 1706 1037 1740 1—41.
1070 1717 1185 1740 unam
1214 1706 1480 1741 collectionem
1511 1705 1557 1740 ad

40 1787 156 1811 unum
168 1774 403 1821 eundemque
418 1774 662 1808 collectorem
673 1772 912 1807 referendam
926 1771 1107 1817 efficiunt,
1120 1774 1391 1819 inexplicabile
1405 1779 1474 1817 est,
1491 1785 1558 1807 cur

42 1843 140 1878 idem
161 1843 356 1886 collector,
383 1841 446 1888 qui
468 1839 548 1876 Pss.
568 1840 617 1875 41
638 1839 839 1888 jehovicos
861 1841 1025 1875 intactos
1046 1841 1216 1887 reliquit,
1237 1840 1282 1874 31
1308 1841 1373 1888 qui
1393 1852 1557 1887 sequun-

41 1915 114 1954 tur,
155 1911 236 1945 sine
267 1909 344 1944 ulla
378 1909 619 1955 antiquitatis
651 1914 925 1955 auctorumque
961 1908 1175 1942 reverentia
1202 1908 1492 1954 interpolaverit
1520 1913 1558 1941 et

40 1977 86 2013 ad
109 1989 283 2012 normam
308 1977 426 2022 ipsius
452 1975 611 2010 arbitrio
641 1976 1077 2024 excogitatamraustere
1105 1976 1290 2025 exegerit.
1347 1973 1451 2009 Fieri
1472 1975 1556 2022 qui-

42 2043 124 2078 dem
144 2043 289 2090 potuit,
317 2049 359 2077 ut
380 2044 418 2077 in
438 2055 512 2077 uno
534 2043 703 2077 alterove
723 2040 783 2077 Ps.
808 2038 933 2091 (velut
957 2043 1017 2076 14.
1039 2041 1085 2076 cf.
1108 2040 1192 2091 53.)
1215 2044 1295 2077 sive
1313 2042 1358 2077 ab
1378 2054 1452 2076 uno
1472 2049 1555 2076 tan-

41 2123 153 2159 quam
178 2118 373 2145 auctorem
398 2109 663 2145 secundarium
686 2115 823 2158 agente
843 2110 923 2144 sive
943 2110 987 2144 ab
1008 2110 1169 2144 ecclesia
1191 2122 1233 2143 eo
1257 2108 1316 2144 Ps.
1338 2114 1468 2143 utente
1489 2121 1556 2143 no—

41 2179 141 2213 mina
162 2176 235 2212 Dei
256 2182 596 2221 commutarentur,
628 2183 666 2211 at
693 2177 934 2211 collectorem
962 2182 1039 2210 tam
1067 2176 1323 2223 impudentem
1354 2175 1485 2221 fuisse,
1518 2181 1558 2209 ut

41 2245 150 2280 simul
185 2246 345 2292 amplius
374 2246 426 2279 40
454 2242 625 2279 Psalmos
657 2256 699 2278 eo
731 2243 842 2278 niodo
874 2243 1179 2288 transformaret,
1208 2244 1311 2278 omni
1340 2244 1466 2290 specie
1494 2256 1556 2278 ve-

41 2313 166 2348 ritatis
207 2318 322 2347 caret.
406 2309 490 2346 Huc
533 2311 704 2356 accedit,
750 2310 849 2358 quod
894 2311 1078 2357 explicari
1118 2323 1274 2357 prorsus
1318 2322 1392 2345 non
1432 2316 1557 2357 potest

43 2382 123 2428 ejus
155 2380 440 2426 interpolatoris
468 2379 738 2422 inconstantia,
771 2390 842 2425 qua
874 2384 911 2412 et
938 2378 1064 2424 plures
1091 2378 1209 2423 locos,
1242 2377 1378 2425 quibus
1405 2378 1443 2411 in
1474 2375 1554 2412 Pss.

47 2447 201 2482 l—4l.
220 2441 340 2479 12*an
362 2445 494 2481 eodem
515 2445 640 2491 modo,
669 2458 742 2493 quo
766 2446 802 2479 in
825 2445 1082 2492 sequentibus,
1110 2450 1333 2492 usurpatum
1354 2450 1492 2488 exstat,
1520 2450 1556 2479 et

43 2514 144 2549 locos
170 2514 243 2559 43,
275 2513 410 2561 quibus
440 2518 530 2544 ΓῑἾΠἾ
561 2514 600 2548 in
624 2510 703 2548 Pss.
732 2513 920 2547 42—83.
950 2513 1160 2559 reperitur,
1194 2513 1359 2547 intactos
1386 2512 1553 2559 reliquit.

44 2579 141 2622 Quid
162 2593 247 2615 eum
267 2581 400 2625 movit,
421 2579 481 2616 his
502 2586 544 2615 ut
563 2577 761 2627 parceret?
811 2579 866 2613 An
889 2579 988 2614 forte
1007 2579 1045 2614 hi
1067 2580 1188 2614 aciem
1211 2581 1292 2626 ejus
1311 2576 1552 2613 fefellerunt?

45 2646 136 2689 Quis
163 2647 335 2683 homines
363 2653 438 2682 tam
469 2647 606 2683 bardos
633 2660 676 2682 ac
696 2648 860 2694 pueriles
880 2653 1033 2694 tamque
1053 2647 1290 2696 irreligiosos
1312 2653 1553 2682 monumenta

47 2713 257 2750 divinarum
280 2715 477 2749 literarum
497 2714 729 2750 deformasse
751 2712 980 2749 crediderit?

156 2813 333 2850 Ceterum
350 2814 419 2851 Ew
423 2815 559 2850 aldus
551 2828 589 2850 ln
611 2828 692 2851 eam
714 2818 975 2873 conjecturam
1004 2828 1077 2849 non
1104 2815 1314 2859 incidisset,
1343 2816 1373 2850 si
1394 2814 1430 2849 id
1454 2803 1562 2880 quodi

47 2882 188 2928 primus
219 2882 490 2958 animadvertit
519 2882 741 2934 diligentius
778 2888 1038 2930 perscrutatus
1078 2874 1349 2926 intellexisset,
1388 2880 1565 2932 indolem}

1562 2921 1565 2948 ζ

161 2989 249 3004 *κῌμ

48 3015 145 3051 mine
180 2993 322 3051 Das-tbi}
336 3018 397 3052 vel
432 3018 512 3053 solo
549 3017 609 3051 161
646 3018 815 3052 crebrius
851 3029 961 3065 quam
998 3019 1088 3047 Wffi'·
1124 3021 1292 3061 utantur,
1332 3015 1397 3051 sed
1436 3015 1565 3077 ἰ11[11’ἰ-ξ
