<?xml version="1.0" encoding="UTF-8"?>
<!DOCTYPE html PUBLIC "-//W3C//DTD XHTML 1.0 Transitional//EN"
    "http://www.w3.org/TR/xhtml1/DTD/xhtml1-transitional.dtd">
<html xmlns="http://www.w3.org/1999/xhtml" xml:lang="en" lang="en">
 <head>
  <title>
</title>
<meta http-equiv="Content-Type" content="text/html;charset=utf-8" />
  <meta name='ocr-system' content='tesseract 3.04.00' />
  <meta name='ocr-capabilities' content='ocr_page ocr_carea ocr_par ocr_line ocrx_word'/>
</head>
<body>
  <div class='ocr_page' id='page_1' title='image "./jesurunsiveprole00deliuoft/jesurunsiveprole00deliuoft_0016.png"; bbox 0 0 1956 3270; ppageno 0'>
   <div class='ocr_carea' id='block_1_1' title="bbox 970 113 1287 144">
    <p class='ocr_par' dir='ltr' id='par_1_1' title="bbox 970 113 1287 144">
     <span class='ocr_line' id='line_1_1' title="bbox 970 113 1287 144; baseline -0.013 0"><span class='ocrx_word' id='word_1_1' title='bbox 970 124 1021 135; x_wconf 69' lang='grc'>-</span> <span class='ocrx_word' id='word_1_2' title='bbox 1080 113 1163 144; x_wconf 82' lang='lat' dir='ltr'>vm</span> <span class='ocrx_word' id='word_1_3' title='bbox 1233 124 1287 133; x_wconf 88' lang='lat'>—-</span> 
     </span>
    </p>
   </div>
   <div class='ocr_carea' id='block_1_2' title="bbox 375 248 1838 2686">
    <p class='ocr_par' dir='ltr' id='par_1_2' title="bbox 375 248 1838 2686">
     <span class='ocr_line' id='line_1_2' title="bbox 376 248 1832 324; baseline 0.005 -21"><span class='ocrx_word' id='word_1_4' title='bbox 376 248 604 305; x_wconf 88' lang='lat' dir='ltr'>veritate</span> <span class='ocrx_word' id='word_1_5' title='bbox 652 248 882 306; x_wconf 86' lang='lat' dir='ltr'><strong>mihimet</strong></span> <span class='ocrx_word' id='word_1_6' title='bbox 919 249 1023 321; x_wconf 88' lang='lat' dir='ltr'>ipsi</span> <span class='ocrx_word' id='word_1_7' title='bbox 1064 252 1200 307; x_wconf 87' lang='lat' dir='ltr'>adeo</span> <span class='ocrx_word' id='word_1_8' title='bbox 1240 267 1562 322; x_wconf 87' lang='lat' dir='ltr'>persuasum</span> <span class='ocrx_word' id='word_1_9' title='bbox 1603 260 1713 324; x_wconf 81' lang='lat' dir='ltr'>est,</span> <span class='ocrx_word' id='word_1_10' title='bbox 1773 262 1832 310; x_wconf 92' lang='lat' dir='ltr'>ut</span> 
     </span>
     <span class='ocr_line' id='line_1_3' title="bbox 377 364 1831 438; baseline 0.003 -21"><span class='ocrx_word' id='word_1_11' title='bbox 377 377 561 418; x_wconf 88' lang='lat' dir='ltr'>eorum</span> <span class='ocrx_word' id='word_1_12' title='bbox 601 378 820 419; x_wconf 89' lang='lat' dir='ltr'>causam</span> <span class='ocrx_word' id='word_1_13' title='bbox 859 379 1040 435; x_wconf 91' lang='lat' dir='ltr'>neque</span> <span class='ocrx_word' id='word_1_14' title='bbox 1082 364 1365 435; x_wconf 86' lang='lat' dir='ltr'>suscipere</span> <span class='ocrx_word' id='word_1_15' title='bbox 1415 383 1610 422; x_wconf 83' lang='lat' dir='ltr'>verear</span> <span class='ocrx_word' id='word_1_16' title='bbox 1649 383 1831 438; x_wconf 87' lang='lat' dir='ltr'>neque</span> 
     </span>
     <span class='ocr_line' id='line_1_4' title="bbox 376 473 1833 549; baseline 0.001 -19"><span class='ocrx_word' id='word_1_17' title='bbox 376 473 616 531; x_wconf 86' lang='lat' dir='ltr'>obtinere</span> <span class='ocrx_word' id='word_1_18' title='bbox 664 492 830 546; x_wconf 90' lang='lat' dir='ltr'>posse</span> <span class='ocrx_word' id='word_1_19' title='bbox 868 477 1169 547; x_wconf 82' lang='lat' dir='ltr'><strong>desperem.</strong></span> <span class='ocrx_word' id='word_1_20' title='bbox 1251 476 1407 532; x_wconf 91' lang='lat' dir='ltr'>Haec</span> <span class='ocrx_word' id='word_1_21' title='bbox 1457 478 1715 549; x_wconf 91' lang='lat' dir='ltr'>principia</span> <span class='ocrx_word' id='word_1_22' title='bbox 1765 479 1833 533; x_wconf 87' lang='lat' dir='ltr'>ad</span> 
     </span>
     <span class='ocr_line' id='line_1_5' title="bbox 376 588 1833 659; baseline 0.003 -18"><span class='ocrx_word' id='word_1_23' title='bbox 376 593 546 641; x_wconf 90' lang='lat' dir='ltr'>artem</span> <span class='ocrx_word' id='word_1_24' title='bbox 613 588 830 643; x_wconf 89' lang='lat' dir='ltr'>redacta</span> <span class='ocrx_word' id='word_1_25' title='bbox 887 588 1058 644; x_wconf 89' lang='lat' dir='ltr'>tribus</span> <span class='ocrx_word' id='word_1_26' title='bbox 1127 589 1273 644; x_wconf 91' lang='lat' dir='ltr'>libris</span> <span class='ocrx_word' id='word_1_27' title='bbox 1333 590 1549 659; x_wconf 77' lang='lat' dir='ltr'>partite,</span> <span class='ocrx_word' id='word_1_28' title='bbox 1619 589 1833 646; x_wconf 87' lang='lat' dir='ltr'>definite</span> 
     </span>
     <span class='ocr_line' id='line_1_6' title="bbox 376 699 1833 772; baseline 0.002 -19"><span class='ocrx_word' id='word_1_29' title='bbox 376 699 729 771; x_wconf 82' lang='lat' dir='ltr'><strong>distincteque</strong></span> <span class='ocrx_word' id='word_1_30' title='bbox 772 702 1000 771; x_wconf 80' lang='lat' dir='ltr'>exposui</span> <span class='ocrx_word' id='word_1_31' title='bbox 1010 718 1025 769; x_wconf 81' lang='lat'><em>3</em></span> <span class='ocrx_word' id='word_1_32' title='bbox 1075 700 1321 755; x_wconf 82' lang='lat' dir='ltr'>adhibitis</span> <span class='ocrx_word' id='word_1_33' title='bbox 1363 701 1621 770; x_wconf 86' lang='lat' dir='ltr'>exemplis</span> <span class='ocrx_word' id='word_1_34' title='bbox 1630 744 1647 771; x_wconf 84' lang='grc'>,</span> <span class='ocrx_word' id='word_1_35' title='bbox 1690 718 1833 772; x_wconf 88' lang='lat' dir='ltr'>quae</span> 
     </span>
     <span class='ocr_line' id='line_1_7' title="bbox 376 810 1832 885; baseline 0.002 -21"><span class='ocrx_word' id='word_1_36' title='bbox 376 810 658 865; x_wconf 82' lang='lat' dir='ltr'>maximam</span> <span class='ocrx_word' id='word_1_37' title='bbox 686 818 891 883; x_wconf 86' lang='lat' dir='ltr'>partem</span> <span class='ocrx_word' id='word_1_38' title='bbox 925 830 996 868; x_wconf 84' lang='lat' dir='ltr'>ex</span> <span class='ocrx_word' id='word_1_39' title='bbox 1017 810 1420 868; x_wconf 85' lang='lat' dir='ltr'>Concordantiis</span> <span class='ocrx_word' id='word_1_40' title='bbox 1448 813 1658 868; x_wconf 87' lang='lat' dir='ltr'>delecta</span> <span class='ocrx_word' id='word_1_41' title='bbox 1689 821 1832 885; x_wconf 81' lang='lat' dir='ltr'>sunt,</span> 
     </span>
     <span class='ocr_line' id='line_1_8' title="bbox 375 923 1833 997; baseline 0.001 -21"><span class='ocrx_word' id='word_1_42' title='bbox 375 923 700 993; x_wconf 76' lang='lat' dir='ltr'>confirmavi,</span> <span class='ocrx_word' id='word_1_43' title='bbox 744 932 796 979; x_wconf 92' lang='lat' dir='ltr'>et</span> <span class='ocrx_word' id='word_1_44' title='bbox 828 925 1092 996; x_wconf 83' lang='lat' dir='ltr'>adjunctis</span> <span class='ocrx_word' id='word_1_45' title='bbox 1132 925 1298 981; x_wconf 84' lang='lat' dir='ltr'>variis</span> <span class='ocrx_word' id='word_1_46' title='bbox 1332 925 1506 997; x_wconf 89' lang='lat' dir='ltr'>iisque</span> <span class='ocrx_word' id='word_1_47' title='bbox 1538 927 1696 995; x_wconf 84' lang='lat' dir='ltr'>plane</span> <span class='ocrx_word' id='word_1_48' title='bbox 1730 942 1833 979; x_wconf 88' lang='lat' dir='ltr'>no-</span> 
     </span>
     <span class='ocr_line' id='line_1_9' title="bbox 377 1035 1830 1107; baseline 0.001 -18"><span class='ocrx_word' id='word_1_49' title='bbox 377 1035 463 1090; x_wconf 77' lang='lat' dir='ltr'>vis</span> <span class='ocrx_word' id='word_1_50' title='bbox 504 1035 961 1106; x_wconf 89' lang='lat' dir='ltr'>disquisitionibus</span> <span class='ocrx_word' id='word_1_51' title='bbox 974 1080 989 1107; x_wconf 79' lang='grc'>,</span> <span class='ocrx_word' id='word_1_52' title='bbox 1033 1039 1197 1093; x_wconf 82' lang='lat' dir='ltr'>veluti</span> <span class='ocrx_word' id='word_1_53' title='bbox 1238 1038 1305 1093; x_wconf 92' lang='lat' dir='ltr'>de</span> <span class='ocrx_word' id='word_1_54' title='bbox 1344 1037 1660 1093; x_wconf 83' lang='lat' dir='ltr'>Hellenistis</span> <span class='ocrx_word' id='word_1_55' title='bbox 1690 1039 1830 1091; x_wconf 90' lang='lat' dir='ltr'>mul-</span> 
     </span>
     <span class='ocr_line' id='line_1_10' title="bbox 377 1146 1834 1225; baseline 0.001 -25"><span class='ocrx_word' id='word_1_56' title='bbox 377 1146 652 1218; x_wconf 85' lang='lat' dir='ltr'>tiplicique</span> <span class='ocrx_word' id='word_1_57' title='bbox 702 1149 842 1204; x_wconf 88' lang='lat' dir='ltr'>inter</span> <span class='ocrx_word' id='word_1_58' title='bbox 890 1148 1135 1204; x_wconf 86' lang='lat' dir='ltr'>Judaeos</span> <span class='ocrx_word' id='word_1_59' title='bbox 1185 1151 1403 1225; x_wconf 77' lang='lat' dir='ltr'>linguae</span> <span class='ocrx_word' id='word_1_60' title='bbox 1455 1149 1659 1220; x_wconf 85' lang='lat' dir='ltr'>patriae</span> <span class='ocrx_word' id='word_1_61' title='bbox 1700 1165 1834 1203; x_wconf 89' lang='lat' dir='ltr'>con-</span> 
     </span>
     <span class='ocr_line' id='line_1_11' title="bbox 377 1259 1835 1337; baseline 0.001 -25"><span class='ocrx_word' id='word_1_62' title='bbox 377 1259 734 1330; x_wconf 82' lang='lat' dir='ltr'>templatione,</span> <span class='ocrx_word' id='word_1_63' title='bbox 774 1262 1108 1331; x_wconf 83' lang='lat' dir='ltr'>locupletavi.</span> <span class='ocrx_word' id='word_1_64' title='bbox 1186 1261 1502 1337; x_wconf 83' lang='lat' dir='ltr'>Significavi</span> <span class='ocrx_word' id='word_1_65' title='bbox 1542 1277 1674 1316; x_wconf 82' lang='lat' dir='ltr'>vero</span> <span class='ocrx_word' id='word_1_66' title='bbox 1714 1261 1835 1330; x_wconf 89' lang='lat' dir='ltr'>ipsa</span> 
     </span>
     <span class='ocr_line' id='line_1_12' title="bbox 376 1369 1836 1444; baseline 0.002 -19"><span class='ocrx_word' id='word_1_67' title='bbox 376 1369 494 1425; x_wconf 85' lang='lat' dir='ltr'>libri</span> <span class='ocrx_word' id='word_1_68' title='bbox 544 1371 917 1443; x_wconf 80' lang='lat' dir='ltr'>inscriptione,</span> <span class='ocrx_word' id='word_1_69' title='bbox 987 1391 1073 1429; x_wconf 88' lang='lat' dir='ltr'>me</span> <span class='ocrx_word' id='word_1_70' title='bbox 1125 1374 1440 1444; x_wconf 87' lang='lat' dir='ltr'>disciplinae</span> <span class='ocrx_word' id='word_1_71' title='bbox 1501 1371 1733 1427; x_wconf 77' lang='lat' dir='ltr'>Gesenii</span> <span class='ocrx_word' id='word_1_72' title='bbox 1782 1379 1836 1428; x_wconf 89' lang='lat' dir='ltr'>et</span> 
     </span>
     <span class='ocr_line' id='line_1_13' title="bbox 376 1483 1836 1560; baseline 0.001 -22"><span class='ocrx_word' id='word_1_73' title='bbox 376 1483 614 1538; x_wconf 76' lang='lat' dir='ltr'>Ewaldi</span> <span class='ocrx_word' id='word_1_74' title='bbox 658 1484 955 1560; x_wconf 78' lang='lat' dir='ltr'>refragari,</span> <span class='ocrx_word' id='word_1_75' title='bbox 1013 1503 1122 1541; x_wconf 88' lang='lat' dir='ltr'>non</span> <span class='ocrx_word' id='word_1_76' title='bbox 1162 1485 1305 1556; x_wconf 88' lang='lat' dir='ltr'>quod</span> <span class='ocrx_word' id='word_1_77' title='bbox 1346 1485 1412 1540; x_wconf 88' lang='lat' dir='ltr'>de</span> <span class='ocrx_word' id='word_1_78' title='bbox 1458 1484 1647 1540; x_wconf 90' lang='lat' dir='ltr'>horum</span> <span class='ocrx_word' id='word_1_79' title='bbox 1687 1485 1836 1539; x_wconf 87' lang='lat' dir='ltr'>viro-</span> 
     </span>
     <span class='ocr_line' id='line_1_14' title="bbox 377 1596 1835 1670; baseline 0 -20"><span class='ocrx_word' id='word_1_80' title='bbox 377 1612 492 1651; x_wconf 83' lang='lat' dir='ltr'>rum</span> <span class='ocrx_word' id='word_1_81' title='bbox 531 1597 733 1652; x_wconf 89' lang='lat' dir='ltr'>meritis</span> <span class='ocrx_word' id='word_1_82' title='bbox 785 1599 1029 1653; x_wconf 82' lang='lat' dir='ltr'>laudibus</span> <span class='ocrx_word' id='word_1_83' title='bbox 1071 1597 1359 1670; x_wconf 87' lang='lat' dir='ltr'>quidquam</span> <span class='ocrx_word' id='word_1_84' title='bbox 1399 1596 1682 1652; x_wconf 85' lang='lat' dir='ltr'>detrahere</span> <span class='ocrx_word' id='word_1_85' title='bbox 1733 1612 1835 1651; x_wconf 89' lang='lat' dir='ltr'>cu-</span> 
     </span>
     <span class='ocr_line' id='line_1_15' title="bbox 378 1710 1836 1781; baseline 0 -19"><span class='ocrx_word' id='word_1_86' title='bbox 378 1710 520 1778; x_wconf 85' lang='lat' dir='ltr'>piam</span> <span class='ocrx_word' id='word_1_87' title='bbox 563 1716 656 1764; x_wconf 88' lang='lat' dir='ltr'>aut</span> <span class='ocrx_word' id='word_1_88' title='bbox 697 1727 764 1765; x_wconf 88' lang='lat' dir='ltr'>ea</span> <span class='ocrx_word' id='word_1_89' title='bbox 774 1752 791 1780; x_wconf 85' lang='grc'>,</span> <span class='ocrx_word' id='word_1_90' title='bbox 851 1726 993 1781; x_wconf 90' lang='lat' dir='ltr'>quae</span> <span class='ocrx_word' id='word_1_91' title='bbox 1043 1725 1105 1764; x_wconf 89' lang='lat' dir='ltr'>re</span> <span class='ocrx_word' id='word_1_92' title='bbox 1156 1716 1210 1764; x_wconf 90' lang='lat' dir='ltr'>et</span> <span class='ocrx_word' id='word_1_93' title='bbox 1261 1711 1488 1763; x_wconf 84' lang='lat' dir='ltr'>veritate</span> <span class='ocrx_word' id='word_1_94' title='bbox 1538 1710 1656 1779; x_wconf 88' lang='lat' dir='ltr'>ipsa</span> <span class='ocrx_word' id='word_1_95' title='bbox 1701 1725 1836 1763; x_wconf 88' lang='lat' dir='ltr'>con-</span> 
     </span>
     <span class='ocr_line' id='line_1_16' title="bbox 378 1822 1838 1894; baseline -0.001 -19"><span class='ocrx_word' id='word_1_96' title='bbox 378 1822 633 1891; x_wconf 77' lang='lat' dir='ltr'>cedente,</span> <span class='ocrx_word' id='word_1_97' title='bbox 695 1829 1123 1894; x_wconf 79' lang='lat' dir='ltr'>proposuerunt,</span> <span class='ocrx_word' id='word_1_98' title='bbox 1194 1837 1419 1892; x_wconf 87' lang='lat' dir='ltr'>quorum</span> <span class='ocrx_word' id='word_1_99' title='bbox 1479 1823 1695 1892; x_wconf 88' lang='lat' dir='ltr'>quidem</span> <span class='ocrx_word' id='word_1_100' title='bbox 1752 1827 1838 1875; x_wconf 89' lang='lat' dir='ltr'>sat</span> 
     </span>
     <span class='ocr_line' id='line_1_17' title="bbox 379 1933 1836 2009; baseline -0.001 -21"><span class='ocrx_word' id='word_1_101' title='bbox 379 1935 542 1988; x_wconf 87' lang='lat' dir='ltr'>multa</span> <span class='ocrx_word' id='word_1_102' title='bbox 613 1941 763 2004; x_wconf 75' lang='lat' dir='ltr'>sunt,</span> <span class='ocrx_word' id='word_1_103' title='bbox 827 1941 1143 2009; x_wconf 83' lang='lat' dir='ltr'>arroganter</span> <span class='ocrx_word' id='word_1_104' title='bbox 1199 1933 1572 2005; x_wconf 87' lang='lat' dir='ltr'>praejudicare</span> <span class='ocrx_word' id='word_1_105' title='bbox 1625 1935 1716 1988; x_wconf 78' lang='lat' dir='ltr'>vel</span> <span class='ocrx_word' id='word_1_106' title='bbox 1768 1933 1836 1987; x_wconf 91' lang='lat' dir='ltr'>ad</span> 
     </span>
     <span class='ocr_line' id='line_1_18' title="bbox 380 2044 1838 2116; baseline -0.001 -15"><span class='ocrx_word' id='word_1_107' title='bbox 380 2044 654 2101; x_wconf 83' lang='lat' dir='ltr'>arbitrium</span> <span class='ocrx_word' id='word_1_108' title='bbox 709 2063 886 2102; x_wconf 88' lang='lat' dir='ltr'>meum</span> <span class='ocrx_word' id='word_1_109' title='bbox 933 2064 1194 2103; x_wconf 82' lang='lat' dir='ltr'>revocare</span> <span class='ocrx_word' id='word_1_110' title='bbox 1247 2047 1497 2101; x_wconf 88' lang='lat' dir='ltr'>audeam:</span> <span class='ocrx_word' id='word_1_111' title='bbox 1563 2046 1662 2101; x_wconf 90' lang='lat' dir='ltr'>sed</span> <span class='ocrx_word' id='word_1_112' title='bbox 1712 2046 1838 2116; x_wconf 87' lang='lat' dir='ltr'>quia</span> 
     </span>
     <span class='ocr_line' id='line_1_19' title="bbox 380 2158 1837 2232; baseline -0.001 -20"><span class='ocrx_word' id='word_1_113' title='bbox 380 2158 517 2214; x_wconf 86' lang='lat' dir='ltr'>haec</span> <span class='ocrx_word' id='word_1_114' title='bbox 558 2159 678 2229; x_wconf 88' lang='lat' dir='ltr'>ipsa</span> <span class='ocrx_word' id='word_1_115' title='bbox 716 2159 990 2229; x_wconf 87' lang='lat' dir='ltr'>principia,</span> <span class='ocrx_word' id='word_1_116' title='bbox 1034 2177 1258 2231; x_wconf 86' lang='lat' dir='ltr'>quorum</span> <span class='ocrx_word' id='word_1_117' title='bbox 1288 2175 1506 2214; x_wconf 89' lang='lat' dir='ltr'>causam</span> <span class='ocrx_word' id='word_1_118' title='bbox 1539 2158 1643 2232; x_wconf 82' lang='lat' dir='ltr'>egi,</span> <span class='ocrx_word' id='word_1_119' title='bbox 1685 2158 1837 2226; x_wconf 88' lang='lat' dir='ltr'>prin-</span> 
     </span>
     <span class='ocr_line' id='line_1_20' title="bbox 380 2270 1837 2341; baseline 0 -17"><span class='ocrx_word' id='word_1_120' title='bbox 380 2270 534 2340; x_wconf 89' lang='lat' dir='ltr'>cipiis</span> <span class='ocrx_word' id='word_1_121' title='bbox 582 2271 803 2326; x_wconf 88' lang='lat' dir='ltr'>istorum</span> <span class='ocrx_word' id='word_1_122' title='bbox 854 2289 1080 2341; x_wconf 84' lang='lat' dir='ltr'>prorsus</span> <span class='ocrx_word' id='word_1_123' title='bbox 1123 2273 1387 2326; x_wconf 89' lang='lat' dir='ltr'>contraria</span> <span class='ocrx_word' id='word_1_124' title='bbox 1436 2277 1563 2324; x_wconf 87' lang='lat' dir='ltr'>sunt</span> <span class='ocrx_word' id='word_1_125' title='bbox 1602 2285 1668 2324; x_wconf 89' lang='lat' dir='ltr'>ac</span> <span class='ocrx_word' id='word_1_126' title='bbox 1707 2270 1837 2324; x_wconf 88' lang='lat' dir='ltr'>liber</span> 
     </span>
     <span class='ocr_line' id='line_1_21' title="bbox 380 2381 1838 2453; baseline -0.001 -17"><span class='ocrx_word' id='word_1_127' title='bbox 380 2382 531 2438; x_wconf 87' lang='lat' dir='ltr'>hicce</span> <span class='ocrx_word' id='word_1_128' title='bbox 572 2384 794 2453; x_wconf 85' lang='lat' dir='ltr'>proinde</span> <span class='ocrx_word' id='word_1_129' title='bbox 836 2384 1255 2439; x_wconf 73' lang='lat' dir='ltr'>concertator-ius</span> <span class='ocrx_word' id='word_1_130' title='bbox 1298 2389 1381 2437; x_wconf 85' lang='lat' dir='ltr'>est</span> <span class='ocrx_word' id='word_1_131' title='bbox 1423 2381 1579 2437; x_wconf 88' lang='lat' dir='ltr'>etiam</span> <span class='ocrx_word' id='word_1_132' title='bbox 1620 2382 1706 2452; x_wconf 79' lang='lat' dir='ltr'>ibi,</span> <span class='ocrx_word' id='word_1_133' title='bbox 1748 2381 1838 2435; x_wconf 90' lang='lat' dir='ltr'>ubi</span> 
     </span>
     <span class='ocr_line' id='line_1_22' title="bbox 382 2494 1837 2552; baseline -0.001 -3"><span class='ocrx_word' id='word_1_134' title='bbox 382 2512 505 2549; x_wconf 89' lang='lat' dir='ltr'>eum</span> <span class='ocrx_word' id='word_1_135' title='bbox 545 2497 692 2550; x_wconf 87' lang='lat' dir='ltr'>nulla</span> <span class='ocrx_word' id='word_1_136' title='bbox 731 2496 787 2549; x_wconf 89' lang='lat' dir='ltr'>in</span> <span class='ocrx_word' id='word_1_137' title='bbox 829 2498 1167 2552; x_wconf 88' lang='lat' dir='ltr'>contentione</span> <span class='ocrx_word' id='word_1_138' title='bbox 1208 2512 1273 2550; x_wconf 89' lang='lat' dir='ltr'>ac</span> <span class='ocrx_word' id='word_1_139' title='bbox 1300 2494 1667 2549; x_wconf 80' lang='lat' dir='ltr'>controversia</span> <span class='ocrx_word' id='word_1_140' title='bbox 1708 2510 1837 2548; x_wconf 86' lang='lat' dir='ltr'>ver-</span> 
     </span>
     <span class='ocr_line' id='line_1_23' title="bbox 382 2607 1838 2686; baseline 0 -26"><span class='ocrx_word' id='word_1_141' title='bbox 382 2607 493 2661; x_wconf 87' lang='lat' dir='ltr'>sari</span> <span class='ocrx_word' id='word_1_142' title='bbox 559 2609 851 2678; x_wconf 82' lang='lat' dir='ltr'>putaveris.</span> <span class='ocrx_word' id='word_1_143' title='bbox 965 2607 1236 2677; x_wconf 85' lang='lat' dir='ltr'>Principia</span> <span class='ocrx_word' id='word_1_144' title='bbox 1299 2607 1515 2686; x_wconf 88' lang='lat' dir='ltr'>scholae</span> <span class='ocrx_word' id='word_1_145' title='bbox 1588 2607 1838 2661; x_wconf 89' lang='lat' dir='ltr'>historice</span> 
     </span>
    </p>
   </div>
   <div class='ocr_carea' id='block_1_3' title="bbox 380 2719 1840 2791">
    <p class='ocr_par' dir='ltr' id='par_1_3' title="bbox 380 2719 1840 2791">
     <span class='ocr_line' id='line_1_24' title="bbox 380 2719 1840 2791; baseline -0.001 -17"><span class='ocrx_word' id='word_1_146' title='bbox 380 2719 685 2791; x_wconf 82' lang='lat' dir='ltr'>analyticae</span> <span class='ocrx_word' id='word_1_147' title='bbox 725 2738 872 2776; x_wconf 81' lang='lat' dir='ltr'>nova</span> <span class='ocrx_word' id='word_1_148' title='bbox 913 2729 1065 2789; x_wconf 75' lang='lat' dir='ltr'>sunt,</span> <span class='ocrx_word' id='word_1_149' title='bbox 1107 2738 1215 2776; x_wconf 89' lang='lat' dir='ltr'>non</span> <span class='ocrx_word' id='word_1_150' title='bbox 1255 2721 1413 2790; x_wconf 81' lang='lat' dir='ltr'>quasi</span> <span class='ocrx_word' id='word_1_151' title='bbox 1453 2720 1519 2774; x_wconf 87' lang='lat' dir='ltr'>de</span> <span class='ocrx_word' id='word_1_152' title='bbox 1561 2727 1733 2775; x_wconf 86' lang='lat' dir='ltr'>musto</span> <span class='ocrx_word' id='word_1_153' title='bbox 1775 2735 1840 2773; x_wconf 89' lang='lat' dir='ltr'>ac</span> 
     </span>
    </p>
   </div>
  </div>
 </body>
</html>
