1934 3259
154 770 1351 892 coRoLLAnlA*).

148 1053 227 1096 Ad
268 1069 311 1112 p.
349 1056 429 1100 12.
501 1060 573 1104 De
611 1062 826 1112 Jacobo
862 1071 1064 1118 Anlolz‘
1099 1089 1145 1120 v.
1183 1087 1396 1141 excerpta
1430 1088 1476 1133 in

21 1115 158 1162 Catal.
175 1120 309 1166 Codd.
326 1124 459 1170 Hebr.
476 1128 587 1171 Bibl.
600 1129 751 1176 Senat.
763 1136 886 1193 Lips.
902 1154 944 1195 p.
959 1140 1080 1185 306.
1118 1145 1245 1190 Inter
1261 1149 1475 1212 Judaeos,

20 1197 123 1242 quos
152 1187 498 1237 Fridericus
524 1196 590 1239 II.
615 1200 658 1241 in
678 1201 846 1247 deliciis
867 1206 1079 1268 habebat,
1107 1214 1368 1261 referendus
1397 1226 1471 1265 est

0 1255 145 1317 >etiam
181 1258 336 1302 ‚Iuda
375 1261 633 1309 Samuelz'
670 1267 869 1315 Kolten
905 1274 1147 1322 Toletanus
1186 1282 1255 1334 (fl.
1292 1283 1473 1347 1247),

0 1323 163 1369 bauctor
219 1329 365 1383 operis
416 1333 618 1392 grandis,
680 1341 731 1377 M
742 1339 908 1383 idrus
965 1342 1209 1390 Clzokma
1256 1351 1472 1415 inscripti,

18 1390 121 1445 quod
159 1394 335 1438 arabica
376 1397 525 1455 lingua.
571 1407 776 1448 exaravit
814 1412 858 1450 et
897 1409 1084 1470 deinde,
1132 1415 1176 1457 in
1215 1416 1469 1467 Hetruriam

17 1455 297 1517 ditionemque
316 1463 555 1510 Romanam
581 1472 816 1531 profectus,
845 1478 1098 1531 rogantibus
1127 1483 1220 1525 suis
1245 1488 1470 1543 populari·-

17 1523 108 1582 buS,
135 1526 181 1568 in
210 1541 452 1576 sermonem
482 1536 726 1581 hebraicum
763 1545 1000 1588 transtulit.
1058 1547 1110 1591 In
1147 1549 1274 1605 hujus
1304 1557 1467 1616 operis,

7 1592 119 1650 quod
161 1599 294 1640 totum
337 1600 383 1642 in
424 1602 609 1659 physica
645 1618 872 1668 versatur,
922 1617 1049 1668 parte
1095 1615 1236 1661 altera
1283 1628 1467 1669 exstant

33 1663 191 1704 uctoris
221 1677 482 1722 responsum
512 1672 568 1714 ad
598 1673 871 1730 imperatoris
900 1678 1133 1726 Fridericz·
1161 1690 1463 1741 quaestionem

0 1729 150 1791 'zjquam
179 1731 264 1788 ipsi
293 1734 461 1780 XVIII.
491 1751 630 1783 annos
659 1747 764 1786 nato
805 1750 851 1788 et
880 1747 1022 1791 adhuc
1051 1749 1096 1792 in
1125 1752 1345 1809 Hispania
1373 1759 1462 1803 de-

0 1793 121 1848 igenti
165 1807 497 1862 proposuerat),
546 1811 758 1863 quomodo
797 1812 874 1856 fiat
916 1816 989 1857 vel
1034 1817 1306 1865 describatur
1346 1839 1460 1869 una-

0 1851 193 1920 ]1uaeque
229 1867 367 1923 figura
396 1876 608 1929 propositi
638 1879 806 1937 circuli,
837 1885 882 1922 et
911 1882 1099 1928 iteratae
1129 1887 1322 1941 ejusdem
1339 1891 1458 1937 Fre·-

0 1939 6 1971 ῑ
54 1931 138 1973 rici
164 1932 219 1976 ad
250 1941 472 1983 auctorem
511 1946 557 1984 et
586 1946 776 1988 auctoris
807 1947 861 1989 ad
892 1949 1008 1994 illum
1038 1952 1255 2009 epistolae
1293 1958 1454 2011 (Bern.

0 1993 3 2041 ἶ
28 2008 52 2039 e
79 1997 214 2042 Rossi
243 2003 300 2045 ad
332 2004 440 2050 Cod.
470 2006 595 2053 421.
626 2016 672 2054 et
703 2012 863 2067 7710.

104 2078 186 2122 Ad
224 2095 267 2137 p.
313 2083 393 2127 15.
439 2100 481 2129 n.
529 2088 571 2130 1.
651 2088 759 2134 cod.
806 2094 923 2138 Bibl.
971 2098 1144 2142 Paulin.
1191 2101 1317 2160 Lips.
1361 2106 1451 2152 Ms.

0 2142 5 2185 ἶ
33 2142 128 2203 02.,
159 2146 430 2195 Glossarium
459 2155 1215 2222 hebraeo-gallico-germanicum,
1244 2171 1450 2219 librorum

0 2223 209 2258 'acrorum
239 2218 389 2262 ordine
419 2221 696 2284 dispositum,
726 2230 950 2274 vocabulis
980 2233 1293 2281 difficilioribus
1318 2240 1450 2286 dein-

21 2290 96 2335 eps
124 2284 303 2338 primum
342 2289 577 2348 gallice,
615 2293 775 2337 deinde
812 2296 1042 2359 hebraice,
1080 2301 1267 2360 denique
1303 2320 1448 2369 manu,

12 2347 250 2410 'tvidetu1·,
278 2357 513 2400 recentiori
551 2364 865 2416 germanice
902 2368 1136 2423 explicatis
1179 2371 1445 2436 additisque,

21 2413 62 2456 bi
87 2420 251 2461 auctori
289 2435 398 2478 opus
437 2426 577 2469 visum
613 2433 707 2481 est,
746 2431 1148 2488 interpretamentis
1184 2441 1445 2497 copiosiori-

19 2494 80 2524 us.
137 2484 280 2529 ,Iobus
310 2495 616 2538 commentario
645 2497 703 2539 ad
743 2498 862 2542 locos
898 2502 1138 2558 spissiores
1179 2508 1441 2556 verbiosiori

33 2552 221 2596 structus
250 2560 346 2610 est,
384 2559 430 2601 in
460 2572 542 2617 quo
572 2567 724 2607 auctor
752 2565 977 2613 itentidem
1015 2578 1235 2630 nuncupat
1268 2581 1440 2632 patrem

11 2618 103 2714 'uum
131 2624 178 2664 et
205 2626 465 2670 avunculum
489 2627 737 2689 Bz'njamin,
768 2640 1002 2690 praeterea
1025 2638 1291 2687 Eliezerum
1319 2649 1439 2700 [cum

11 2722 15 2777 Ι

12 2782 14 2787 .
70 2753 99 2797 ’)
120 2761 224 2792 Notas
248 2764 299 2793 his
323 2767 506 2797 corollariis
539 2774 802 2811 comprehensas,
836 2782 918 2809 quas
939 2778 1127 2814 legentibus
1159 2790 1225 2813 non
1248 2783 1437 2821 injucundas

30 2807 47 2828 e
68 2809 169 2844 spero,
192 2810 378 2844 neutiquam
406 2812 581 2844 oscitanter
604 2817 634 2845 in
665 2817 737 2852 ipso
761 2821 929 2852 volumine
952 2825 1175 2867 praetermisi,
1213 2830 1269 2859 sed
1293 2834 1435 2863 consulto

11 2846 22 2893 !¹
43 2851 215 2883 extremum
238 2855 365 2886 tertium
387 2858 504 2889 librum
526 2863 701 2892 reservavi.

12 2909 15 2941 ε
1093 2908 1162 2954 16

0 1134 8 1145 ae

6 1153 7 1160 i
