1956 3270
1001 114 1299 160 ...364

425 239 720 289 arabizantes
754 239 863 301 post
897 231 1238 282 llIencdeemum
1273 226 1569 277 Ibn—Sarulc
1601 225 1650 273 in
1684 224 1879 288 gratiam
1938 231 1940 246 '

426 314 815 382 trigrammatismi
848 312 1053 360 radicum
1088 309 1341 358 verbalium
1364 306 1743 363 introduxerunt3
1777 319 1879 351 vo-
1938 295 1941 308 ¹

430 396 638 445 calism
651 410 734 440 um
769 391 1003 438 literarum
1039 405 1080 447 s,
1118 401 1161 445 Π,
1197 403 1237 445 y,
1275 402 1364 450 quo
1399 385 1553 451 posito
1590 388 1664 430 sat
1696 370 1909 429 multum⁸
1938 366 1941 423 'ff

427 471 710 522 discriminis
761 470 880 517 inter
937 468 1121 531 linguas
1177 464 1412 513 semiticas
1467 468 1515 510 et
1578 459 1882 509 sanseriticas
1939 458 1941 510 J

429 550 658 609 concidit3
695 547 951 596 doctrinam
979 545 1038 593 de
1073 540 1646 611 praepositionibus
1680 538 1884 586 verba-
1939 538 1941 554 ²

429 630 600 687 libus,
638 644 752 691 quas
789 642 873 691 per
907 630 1047 672 totam
1081 623 1285 687 linguam
1331 624 1599 668 constanter
1640 631 1885 681 permean-
1939 650 1941 677 ς

429 714 504 757 tes
539 722 673 754 nemo
709 704 815 751 dum
851 702 1060 767 agnovit,
1095 708 1141 749 et
1186 699 1246 748 de
1288 697 1513 765 praefixis
1563 694 1884 745 clausulis·
1938 685 1941 728 ἶ

429 802 538 851 que
573 781 997 840 nominalibus,
1035 794 1149 842 quas
1184 777 1269 825 vix
1313 776 1551 840 quisquam
1586 780 1723 822 antea
1757 771 1884 820 divi-
1938 775 1941 833 ζ

429 864 586 922 navit,
624 860 999 909 sanseriticarum
1044 857 1139 905 illis
1180 856 1439 919 linguarum
1483 870 1585 902 cum
1630 851 1885 900 semitismo

431 941 769 999 communibus3
804 937 1086 985 divisionem
1120 935 1367 983 verborum
1401 932 1448 980 in
1493 931 1721 980 vocaliter
1766 945 1885 977 exe·
1939 931 1942 960 ἱ

430 1022 574 1080 untia,
612 1035 730 1067 cava
765 1025 812 1066 et
847 1016 1056 1082 perfecta
1094 1016 1138 1076 ¹)
1175 1020 1223 1062 et
1266 1011 1646 1076 conjugationum
1689 1008 1738 1056 in
1779 1007 1886 1055 sun-

431 1097 761 1156 damentalem,
806 1094 1110 1152 intensivam,
1158 1091 1452 1140 extensivam
1498 1096 1546 1138 et
1588 1086 1888 1146 reflexivam3
1939 1088 1941 1111 ³

431 1178 640 1228 radicum
675 1174 874 1236 denique
909 1171 1301 1238 pronominalium,
1339 1185 1454 1233 quas
1481 1165 1770 1233 grammatici
1804 1181 1889 1211 an-
1938 1175 1942 1224 ,ζ

432 1256 573 1305 tehac
608 1271 635 1301 a
685 1252 842 1300 verbis
886 1249 1199 1298 insulsissime
1245 1247 1480 1297 deducere
1529 1247 1890 1303 consueverunt,

432 1333 793 1398 originalitatem
835 1359 903 1367 --
947 1344 1064 1392 quae
1110 1327 1283 1386 omnia,
1326 1331 1462 1392 prout
1504 1341 1583 1372 res
1626 1321 1891 1388 postulabit,
1938 1310 1941 1370 s

433 1412 662 1476 deinceps
707 1425 964 1476 persequar
1018 1405 1271 1469 sigillatim.
1351 1402 1407 1451 Id
1451 1419 1587 1450 unum
1634 1401 1772 1449 liceat
1806 1399 1893 1447 ad«

427 1490 628 1555 jecisse,
667 1488 831 1550 quibus
878 1485 1030 1533 adhuc
1080 1483 1312 1531 laboribus
1388 1480 1487 1529 Jul.
1541 1478 1789 1528 Fuerstius
1832 1476 1893 1525 ad
1938 1511 1940 1513 s

437 1566 668 1636 principia
705 1566 898 1614 scholae
926 1562 1150 1611 historice
1191 1560 1472 1625 analyticae,
1502 1560 1636 1622 cujus
1672 1573 1774 1605 eum
1809 1573 1894 1604 au-

440 1654 617 1696 ctorem
647 1660 759 1692 esse
796 1643 918 1702 dico,
942 1637 1316 1698 demonstranda,
1341 1636 1623 1695 exercenda,
1644 1634 1893 1700 perficien-
1938 1679 1941 1690 ,

434 1725 497 1773 da
538 1723 809 1790 perfunctus
856 1721 931 1769 sit.
1011 1719 1213 1767 Primum
1254 1716 1397 1780 igitur
1450 1731 1506 1764 se
1556 1713 1787 1772 accinxit,
1844 1718 1895 1760 ut

434 1801 815 1859 chaldaicam,
853 1814 971 1862 quae
1007 1797 1188 1855 dicitur,
1225 1795 1453 1858 linguam,
1491 1793 1660 1858 quippe
1697 1808 1831 1855 quam
1866 1808 1895 1839 a
1937 1815 1940 1839 z

433 1880 643 1951 plurimis
679 1878 949 1944 despectam
984 1876 1210 1938 tetrisque
1254 1873 1461 1922 tenebris
1509 1872 1786 1920 occultatam
1819 1869 1897 1918 vi·
1937 1887 1940 1938 ξ

435 1962 584 2020 deret,
622 1957 930 2007 semiticarum
968 1955 1268 2003 dialectorum
1305 1950 1683 2014 antiquissimam,
1730 1949 1780 1997 in
1824 1949 1896 1996 lu-
1936 1954 1939 2008 ξ

436 2057 539 2092 cem
573 2036 885 2103 protraheret,
921 2041 970 2082 ut
1006 2035 1111 2097 ejus
1156 2048 1258 2080 cum
1303 2029 1475 2078 ceteris
1521 2028 1695 2093 linguis
1740 2026 1897 2075 orien-
1936 2020 1939 2079 Ξ

435 2119 606 2168 talibus
643 2115 918 2163 societatem
953 2111 1214 2160 devinciret
1250 2115 1386 2172 atque
1431 2107 1479 2155 in
1515 2123 1594 2167 ea,
1629 2112 1789 2172 utpote
1824 2106 1897 2154 lu-
1937 2091 1939 2102 Ξ

438 2195 680 2247 cidissimo
717 2192 958 2258 exemplo,
998 2188 1304 2239 sanscritismi
1350 2192 1397 2235 et
1441 2185 1682 2234 semitisini
1724 2199 1899 2232 neces-
1936 2193 1939 2243 ᾗ

439 2273 688 2325 situdiuem
733 2270 1127 2334 consanguineam
1171 2270 1462 2315 monstraret.
1542 2263 1710 2311 Edidit
1755 2263 1898 2326 igitur

438 2354 671 2417 Systema
705 2348 933 2413 Linqqucce
973 2346 1266 2395 Clealclaiccce
1302 2342 1514 2407 (1835),
1563 2358 1682 2408 opus
1728 2340 1900 2389 existi·
1934 2326 1938 2402 i

438 2438 661 2483 matorum
698 2427 893 2475 omnium
929 2425 1003 2487 [iu
1040 2425 1203 2487 quibus
1225 2428 1297 2469 sat
1318 2421 1468 2469 habeo
1491 2420 1615 2469 Gujl.
1654 2419 1714 2468 de
1750 2419 1900 2467 Hum-
1934 2406 1938 2477 l

439 2509 569 2563 boldt
603 2505 949 2564 nominavisse]
986 2502 1226 2569 plausibus
1263 2496 1524 2565 exceptum,
1562 2515 1652 2562 quo
1687 2514 1779 2546 non
1816 2513 1900 2546 so·

439 2591 533 2639 lum
566 2583 812 2636 chaldaica
846 2583 1020 2646 lingua,
1058 2580 1144 2629 sed
1180 2579 1316 2628 etiam
1350 2578 1570 2627 hebraica
1613 2575 1899 2643 splendidis-
1934 2568 1938 2634 ζ

442 2669 560 2719 sime
594 2666 824 2714 illustrata
860 2667 948 2710 est.
1017 2660 1238 2709 Insecuta
1273 2662 1348 2707 est
1395 2655 1756 2707 chrestomathia
1791 2670 1898 2704 ara-

528 2827 571 2877 ¹)
600 2836 710 2877 ruva
748 2835 879 2888 'Ruspi
916 2833 1062 2872 mmm
1097 2812 1260 2876 ,wn'bw
1295 2811 1429 2875 nrm
