1934 3259
775 220 829 262 69

271 394 362 438 149,
384 392 420 427 3.
618 391 706 439 an:
730 380 871 426 biv-1⁷2:
896 389 982 425 miv
1003 379 1120 424 wbbrw

270 488 361 533 150,
381 488 418 522 4.
681 476 842 521 ’,ππ-,1331
861 485 949 533 qn:
970 474 1122 519 arobba

161 591 338 630 Koest.:
370 591 456 628 Der
476 589 633 627 Schluss
652 590 720 626 des
741 587 918 625 Psalters
929 588 1098 635 fordert
1115 584 1222 622 Alles
1242 582 1380 637 (148.)
1403 586 1480 622 und
1497 585 1560 621 be·

51 650 210 687 sonders
229 647 363 685 Israel
380 644 517 697 (149.)
540 646 625 694 auf,
644 644 793 682 Jehoca
811 657 858 680 za
873 644 1046 694 preisen,
1065 643 1144 679 und
1159 655 1266 678 zwar
1284 643 1355 677 mit
1374 641 1478 677 allen
1493 639 1560 676 In-

50 710 283 742 strumenten
304 700 441 754 (150).

158 825 367 875 Postquam
380 839 511 863 omnes
525 824 697 862 Psalmos
717 824 765 860 ad
782 830 1017 872 postremum
1035 833 1155 870 usque
1175 820 1466 869 percensuimus·
1478 833 1562 856 eos-

51 907 121 943 que
141 907 271 930 omnes
291 895 376 945 lege
397 894 597 943 analogiae
614 893 721 928 velut
740 892 839 927 serie
858 892 959 926 inter
978 902 1060 926 sese
1080 888 1285 924 cohaerere
1302 887 1562 935 probavimus,

48 962 88 997 in
107 967 312 1009 conspectu
326 967 397 1007 est,
417 973 530 1009 quam
548 960 654 996 vario
675 958 956 1005 multiplicique
976 956 1086 992 modo
1108 957 1290 991 collector
1309 956 1434 1005 legem
1450 956 1563 991 istam

48 1028 96 1064 ad
113 1027 285 1064 Psalmos
307 1027 586 1064 connectendos
606 1025 834 1062 adhibuerit.
879 1023 995 1060 Vides
1015 1024 1117 1059 enim

162 1113 203 1169 l)
227 1119 451 1166 plerumque
476 1116 610 1152 binos
633 1114 806 1151 Psahnos
834 1115 1039 1164 conjungi,
1072 1114 1128 1149 ita
1146 1119 1189 1148 ut
1209 1111 1397 1148 secundus
1417 1111 1464 1147 ad
1483 1112 1563 1160 pri-

48 1198 150 1221 mum
177 1191 214 1221 et
238 1186 375 1221 tertius
401 1185 466 1233 qui
492 1183 736 1231 subsequitur
760 1194 892 1217 rursus
925 1181 972 1217 ad
1003 1181 1211 1217 secundum
1244 1193 1284 1216 se
1313 1179 1499 1230 adjungat
1527 1185 1564 1214 et

49 1265 135 1288 cum
160 1258 294 1300 quarto
322 1264 390 1300 par
418 1264 561 1288 novum
587 1249 785 1296 conficiat,
814 1262 906 1300 ergo
933 1260 1009 1284 non
1037 1249 1161 1284 solum
1178 1247 1287 1283 binos
1307 1245 1387 1283 Pss.
1411 1247 1476 1295 qui
1495 1259 1564 1294 par

49 1319 257 1356 conficiunt
274 1320 375 1355 inter
397 1331 456 1364 se,
491 1330 627 1354 verum
647 1318 762 1352 etiam
782 1317 934 1367 singula
951 1317 1059 1364 paria
1080 1314 1304 1351 cohaerere:
1338 1327 1451 1362 quam
1479 1315 1564 1362 qui-

48 1387 134 1423 dem
151 1388 325 1437 regulam
345 1386 606 1422 tantummodo
632 1386 673 1420 in
692 1383 831 1420 finibus
851 1384 940 1419 libri
959 1381 1100 1418 I—III.
1120 1383 1160 1418 in
1180 1380 1344 1417 Psalmis
1364 1382 1413 1417 41
1439 1387 1476 1416 et
1496 1382 1563 1427 42,

49 1455 101 1490 72
128 1460 166 1489 et
192 1455 264 1500 73,
294 1455 344 1489 89
367 1460 404 1489 et
423 1454 496 1499 90,
523 1453 589 1501 qui
615 1453 716 1487 inter
735 1465 775 1488 se
795 1452 885 1486 nexi
904 1463 980 1486 non
1001 1456 1109 1496 sunt,
1134 1450 1352 1499 neglectam
1378 1448 1563 1485 videmus.

48 1519 330 1569 Saepenumero
346 1527 473 1556 autem
492 1521 592 1555 terni
607 1518 749 1555 Psalmi
771 1520 1072 1568 conjunguntur,
1093 1517 1208 1565 idque
1226 1517 1287 1552 vel
1307 1517 1374 1561 ita,
1396 1522 1438 1551 ut
1457 1514 1565 1551 Psal-

48 1601 130 1625 mus
152 1587 340 1624 secundus
360 1595 397 1623 et
417 1588 554 1623 tertius
575 1586 622 1622 ad
642 1587 807 1634 primum
825 1592 980 1633 propter
1001 1585 1146 1629 simile,
1173 1583 1275 1632 quod
1300 1584 1393 1631 ipsis
1415 1596 1501 1618 cum
1522 1596 1565 1619 eo

49 1668 247 1692 conunune
268 1660 345 1701 est,
371 1654 576 1699 accedant,
601 1654 708 1690 velut
726 1651 787 1688 Ps.
811 1655 846 1689 7.
870 1654 904 1688 8.
925 1654 983 1699 9.;
1015 1651 1078 1687 57.
1102 1651 1164 1687 58.
1187 1650 1251 1686 59.
1273 1651 1342 1697 aL,
1368 1652 1428 1687 vel
1449 1652 1503 1686 ita
1522 1657 1565 1686 ut

48 1723 121 1759 alio
143 1723 260 1759 simili
280 1721 488 1767 secundus,
522 1722 597 1756 alio
618 1721 755 1756 tertius
777 1732 862 1755 cum
882 1721 1004 1767 primo
1027 1718 1250 1764 cohaereat,
1282 1719 1390 1754 velut
1416 1716 1477 1753 Ps.
1502 1719 1563 1753 lo.

51 1791 111 1826 ll.
137 1790 244 1825 12:
267 1791 315 1824 10
337 1790 473 1840 -1-11,
496 1789 545 1823 10
568 1785 614 1833 -l-
637 1789 706 1834 123
735 1788 797 1823 86.
821 1788 884 1823 87.
907 1788 957 1823 88
977 1803 1019 1817 z
1041 1787 1092 1822 86
1113 1791 1161 1837 -1-
1183 1787 1248 1832 87,
1272 1786 1322 1822 86
1343 1791 1391 1835 -Ι-
1413 1786 1476 1821 88.

158 1877 204 1930 2)
236 1878 463 1925 Vinculum,
490 1890 563 1926 quo
591 1878 673 1913 bini
701 1878 850 1913 ternive
870 1875 1013 1912 Psalmi
1033 1877 1134 1911 inter
1154 1889 1193 1912 se
1216 1877 1295 1924 apti
1315 1876 1566 1925 colligatique

48 1953 148 1993 sunt,
167 1947 391 1995 plerumque
409 1946 594 1996 cogitatio
611 1950 668 1981 est
682 1945 872 1980 similibus
886 1945 947 1980 vel
963 1944 1098 1979 iisdem
1111 1943 1240 1980 verbis
1256 1955 1449 1990 expressa,
1470 1955 1566 1977 non-

47 2026 253 2062 nunquam,
273 2025 350 2049 non
368 2013 544 2048 obstante
564 2012 710 2048 formae
731 2011 1057 2057 dissimilitudine,
1079 2010 1340 2046 tantummodo
1364 2011 1565 2060 cogitatio,

46 2082 152 2118 velut
173 2082 221 2116 10
243 2087 281 2116 et
303 2082 364 2116 11.
415 2078 557 2116 Crebro
587 2081 668 2115 sola
694 2079 841 2115 formae
867 2085 1049 2115 externae
1075 2078 1308 2123 similitudo,
1340 2077 1452 2113 modo
1478 2078 1567 2113 talis

49 2149 111 2195 sit,
132 2161 229 2197 quae
248 2148 380 2183 oculos
401 2146 529 2193 feriat,
550 2146 704 2192 sufficit,
726 2148 833 2183 velut
851 2148 878 2182 4
899 2152 936 2181 et
956 2145 991 2181 5.

158 2231 202 2289 3)
231 2235 425 2288 Conjungi
439 2238 564 2273 solent
578 2236 765 2286 ejusmodi
783 2237 1026 2284 potissimum
1041 2233 1198 2280 Psalmi,
1220 2245 1383 2282 quorum
1402 2234 1464 2269 vel
1485 2235 1568 2269 exi-

49 2311 122 2352 tus,
141 2306 248 2341 velut
266 2306 292 2340 4
309 2311 347 2340 et
364 2303 402 2351 5,
426 2306 474 2340 13
494 2310 531 2340 et
552 2306 615 2350 14,
634 2305 696 2340 vel
713 2305 839 2350 initia,
860 2304 967 2339 velut
979 2303 1028 2337 21
1049 2308 1084 2337 et
1098 2302 1165 2347 22,
1189 2300 1240 2336 56
1262 2307 1300 2336 et
1322 2300 1387 2346 57,
1408 2301 1509 2336 inter
1526 2314 1566 2337 se

51 2373 312 2418 consentiunt,
338 2373 435 2418 nisi,
463 2371 503 2407 id
521 2372 622 2420 quod
641 2370 800 2419 perinde
822 2377 898 2416 est,
930 2371 1084 2405 initium
1103 2369 1331 2417 posterioris
1353 2381 1439 2403 cum
1459 2369 1566 2404 exitu

49 2440 208 2487 prioris,
236 2440 342 2475 velut
365 2441 426 2474 14.
451 2438 527 2485 15„
558 2445 623 2474 aut
644 2440 771 2474 exitus
791 2438 1018 2485 posterioris
1041 2449 1127 2471 cum
1146 2437 1257 2471 initio
1277 2436 1434 2483 prioris,
1462 2437 1569 2472 velut

50 2506 113 2542 27.
127 2507 207 2552 28„
228 2506 374 2554 aliquid
395 2506 658 2542 similitudinis
678 2505 803 2541 habet.
837 2504 1071 2556 Magnoperc
1089 2505 1216 2540 variat
1233 2504 1485 2540 connexionis
1505 2517 1568 2539 ra-

50 2573 119 2620 tio,
137 2575 192 2609 ita
207 2586 314 2619 vero,
334 2579 378 2608 ut
395 2574 435 2608 in
454 2580 584 2621 aperto
605 2574 669 2619 sit,
690 2574 935 2608 collectorem
955 2573 1130 2620 inprimis
1151 2572 1263 2607 initia
1284 2577 1322 2606 et
1341 2572 1468 2613 exitus
1490 2572 1568 2607 sin-

51 2642 228 2691 gulorum
247 2639 487 2676 Psalmorum
504 2642 732 2688 respexisse.

160 2728 205 2781 4)
238 2729 382 2766 Crebro
403 2729 547 2766 Psalmi
565 2731 760 2779 conjuncti
782 2731 892 2777 plura
911 2730 1053 2765 similia
1074 2727 1276 2773 exhibent,
1305 2739 1467 2775 quorum
1494 2728 1570 2762 alia

53 2797 119 2833 alii
137 2803 272 2834 notatu
292 2797 408 2848 digna
423 2797 710 2846 judicaverunt,
737 2799 792 2833 ita
812 2803 855 2832 ut
875 2796 1032 2832 dubium
1052 2809 1134 2831 esse
1152 2795 1287 2843 possit,
1308 2795 1499 2843 quodnam
1518 2795 1570 2829 si-

54 2864 143 2899 mile
169 2866 416 2901 collectorem
443 2864 490 2900 ad
516 2877 580 2900 eos
609 2864 890 2912 componendos
916 2863 1131 2899 adduxerit.
1180 2861 1360 2898 Fortasse
1380 2862 1568 2897 rationem

55 2928 185 2967 habuit
202 2933 386 2977 omnium,
407 2930 521 2979 idque
539 2931 594 2967 ihi
612 2932 867 2979 potissimum,
888 2930 953 2966 ubi
974 2943 1018 2966 ea
1037 2930 1221 2966 similium
1241 2930 1352 2976 copia
1370 2941 1417 2964 ex
1439 2928 1567 2963 eadem

56 2997 183 3034 radice
202 2997 238 3034 h.
255 3012 286 3038 e.
308 2999 582 3049 argumenti
609 2998 938 3035 similitudine
965 2996 1150 3037 effloruit:
1176 3009 1264 3033 nam
1283 2996 1356 3031 hoc
1376 2995 1490 3032 facile
1512 2996 1570 3030 in-
