1956 3270
967 109 1300 154 -116-

419 224 786 276 convenientiam
838 223 1024 287 linguae
1080 223 1327 272 hebraicae
1383 240 1483 272 cum
1529 225 1761 273 sanscrita
1814 224 1862 273 in

418 313 549 371 parte
585 302 910 367 grammaticae
946 308 992 350 et
1026 302 1269 350 formativa
1312 308 1358 349 et
1403 303 1665 367 syntactica
1701 303 1864 350 crebro

419 381 812 447 comprobavisse.
884 381 1060 440 Quibus
1103 381 1220 427 viris
1255 379 1434 428 honore
1471 397 1648 428 summo
1694 381 1781 429 erit
1816 380 1866 427 iu

420 469 678 525 poster1m1‚
727 459 848 522 quod
885 467 1048 507 terram
1093 458 1399 522 incognitam,
1444 459 1519 506 ubi
1565 458 1769 506 thesauri
1805 456 1866 504 ad

420 538 573 585 studia
617 537 836 585 hebraica
887 536 1211 602 locupletanda
1262 537 1424 584 illibati
1467 538 1689 596 laterent,
1734 535 1867 601 primi

420 623 831 665 connnonstrarmit
885 623 931 662 et
986 615 1117 678 quasi
1165 614 1337 678 digitis¹
1372 615 1667 663 intenderunt
1711 615 1867 662 sontes

419 710 582 743 sacros
620 694 844 758 Gangae,
893 709 956 741 ex
992 695 1125 756 cujus
1171 693 1298 740 vivis
1345 693 1666 757 aurigeris-que
1700 708 1866 758 peren-

418 773 636 820 nitatibus
672 775 770 836 jam
814 771 991 819 duabus
1037 771 1201 835 palmis
1255 771 1314 818 ad
1357 773 1559 835 linguam
1605 770 1867 819 hebraicam

420 850 690 900 abluendam
737 856 783 898 et
827 848 1230 912 redintegrandam
1275 849 1540 897 hauserunt.
1612 853 1679 897 At
1724 856 1867 896 totam

418 946 572 977 earum
604 927 990 993 comparationem
1022 929 1288 991 conjectura
1319 928 1476 975 nixam
1508 934 1739 990 totamque
1765 926 1868 992 Opi-

418 1007 613 1054 nabilem
651 1022 787 1072 esse⁹>
835 1005 939 1068 quis
986 1014 1059 1053 est
1096 1005 1200 1069 quin
1239 1005 1495 1070 dispiciat?
1564 1006 1748 1054 Primus
1783 1004 1869 1052 suit

419 1086 540 1133 chl.
564 1084 943 1148 sums-tius,
981 1084 1083 1146 qui,
1122 1084 1386 1149 opinatione
1423 1084 1615 1144 sublata,
1652 1083 1867 1132 necessi-

420 1163 623 1212 tudinem
676 1162 864 1226 linguae
891 1154 1167 1210 *sanseritae
1214 1179 1315 1211 cum
1360 1162 1588 1211 aramaica
1633 1161 1868 1210 semitica-

419 1257 607 1305 rumque
642 1240 807 1304 quavis
844 1240 1239 1304 consanguineam
1275 1257 1515 1298 asserere,
1563 1241 1870 1288 assertionem

419 1320 646 1369 historice
682 1320 1009 1385 comprobare,
1057 1326 1128 1378 et,
1174 1319 1380 1367 instituta
1416 1335 1507 1366 11011
1542 1319 1731 1377 leviter,
1782 1317 1870 1366 sed

419 1399 542 1448 onmi
586 1415 648 1446 ex
692 1407 823 1464 parte
868 1397 1055 1460 linguae
1101 1397 1362 1445 sanscritae
1399 1397 1763 1462 comparatione,
1807 1396 1870 1445 ad

418 1477 659 1527 scientiam
693 1476 950 1542 perducere
993 1475 1187 1541 incepit:
1243 1475 1292 1523 id
1331 1474 1454 1539 quod
1489 1476 1787 1539 grammatice
1820 1475 1870 1522 in

419 1556 694 1622 Systemate
740 1555 959 1618 Linguae
994 1554 1277 1603 Aramaicae
1313 1561 1359 1603 et
1393 1554 1777 1619 lexicographice
1822 1553 1871 1601 in

418 1632 780 1684 Concordantiis
826 1633 979 1682 denuo
1025 1632 1166 1681 editis
1220 1633 1489 1698 praestitum
1533 1632 1869 1698 praedicamus.

417 1712 544 1762 Mihi
587 1728 704 1760 vero
751 1711 972 1774 contigit,
1036 1718 1085 1759 ut
1136 1728 1229 1759 non
1273 1710 1403 1775 quasi
1448 1727 1532 1776 per
1578 1716 1871 1758 transennam

415 1789 824 1858 praetergrediens
869 1789 1063 1837 strictim
1119 1788 1409 1854 adspicerem
1462 1789 1672 1837 Fuerstii
1716 1788 1872 1837 studia

417 1883 667 1931 eorumque
713 1883 1021 1934 progressus,
1081 1866 1167 1915 sed
1212 1876 1261 1916 ut
1305 1866 1510 1931 quotidie
1556 1873 1663 1915 ante
1707 1867 1872 1917 oculos

417 1947 529 1996 mihi
579 1946 764 1994 versari
808 1946 1039 2004 solerent,
1093 1945 1289 2011 ipseque
1335 1946 1505 2019 oculos
1552 1944 1612 1993 de
1656 1944 1717 1992 iis
1752 1962 1870 1992 nun-

418 2043 551 2090 quam
597 2024 806 2088 dejicere
851 2024 1139 2073 necessitate
1183 2022 1455 2071 dulcissima
1500 2039 1557 2072 ac
1591 2023 1870 2072 fructuosis-
1942 2031 1946 2094 ξ

418 2105 534 2152 sima
578 2119 734 2151 essem
779 2110 986 2152 coactus.
1069 2101 1375 2160 Quamobrem
1431 2118 1533 2150 cum
1577 2100 1637 2150 de
1682 2102 1871 2165 linguae

420 2182 682 2231 sanscritae
717 2197 819 2230 cum
854 2180 1074 2230 hebraica
1110 2181 1359 2229 collatione
1394 2179 1636 2240 disseram,
1672 2196 1764 2228 non
1798 2181 1871 2229 10-

421 2278 560 2325 (11101,
610 2259 679 2307 101
713 2260 815 2308 heri
850 2260 928 2308 vel
965 2258 1299 2307 nudiustertius
1334 2258 1515 2307 oblatae
1550 2258 1871 2306 verisimilitu-
1939 2314 1941 2319 ¹

419 2338 529 2386 dine
564 2338 806 2403 abreptus,
851 2337 936 2386 sed
973 2337 1063 2397 rei,
1111 2353 1245 2400 quam
1290 2352 1383 2400 ego
1420 2335 1671 2401 experiens
1717 2336 1870 2399 quoti-

419 2416 497 2465 die
514 2416 674 2482 probo,
709 2416 911 2463 veritate
934 2422 1200 2462 commotus,
1272 2414 1516 2462 Disseram
1549 2422 1700 2463 autem
1721 2415 1868 2473 brevi,
1938 2398 1942 2449 ξ

418 2502 632 2559 quantum
676 2493 817 2557 hujus
862 2493 1006 2541 libelli
1050 2492 1295 2557 angustiae
1337 2492 1623 2558 permittunt,
1678 2492 1870 2558 primum

419 2633 507 2658 curn
533 2621 729 2658 hebraicis
757 2619 972 2666 composuit
994 2619 1228 2666 easdemque
1255 2630 1344 2655 esse
1368 2619 1578 2655 contendit.
1617 2620 1667 2655 V.
1684 2620 1869 2656 -Hannalz

418 2689 586 2738 Adam,
616 2689 780 2733 History
822 2687 867 2722 of
907 2687 974 2722 the
1003 2682 1123 2723 Jews
1162 2688 1261 2722 from
1291 2687 1357 2722 the
1388 2686 1629 2723 destruction
1667 2687 1712 2722 of
1744 2688 1867 2723 Jeru-

420 2757 543 2793 salem
571 2760 611 2792 to
644 2756 709 2792 the
739 2756 900 2802 present
929 2754 1053 2802 Time,
1085 2754 1176 2801 Cap.
1206 2755 1399 2792 XXXIV.
1451 2754 1531 2803 (De
1557 2754 1724 2791 Judaeis
1755 2764 1867 2790 ame·
1934 2745 1939 2770 '¹

419 2822 601 2872 ricanis.)
