<?xml version="1.0" encoding="UTF-8"?>
<!DOCTYPE html PUBLIC "-//W3C//DTD XHTML 1.0 Transitional//EN"
    "http://www.w3.org/TR/xhtml1/DTD/xhtml1-transitional.dtd">
<html xmlns="http://www.w3.org/1999/xhtml" xml:lang="en" lang="en">
 <head>
  <title>
</title>
<meta http-equiv="Content-Type" content="text/html;charset=utf-8" />
  <meta name='ocr-system' content='tesseract 3.04.00' />
  <meta name='ocr-capabilities' content='ocr_page ocr_carea ocr_par ocr_line ocrx_word'/>
</head>
<body>
  <div class='ocr_page' id='page_1' title='image "./jesurunsiveprole00deliuoft/jesurunsiveprole00deliuoft_0191.png"; bbox 0 0 1934 3259; ppageno 0'>
   <div class='ocr_carea' id='block_1_1' title="bbox 622 77 962 124">
    <p class='ocr_par' dir='ltr' id='par_1_1' title="bbox 622 77 962 124">
     <span class='ocr_line' id='line_1_1' title="bbox 622 77 962 124; baseline -0.003 0"><span class='ocrx_word' id='word_1_1' title='bbox 622 77 962 124; x_wconf 74' lang='lat'>—129—</span> 
     </span>
    </p>
   </div>
   <div class='ocr_carea' id='block_1_2' title="bbox 59 191 1528 495">
    <p class='ocr_par' dir='ltr' id='par_1_2' title="bbox 59 191 1528 495">
     <span class='ocr_line' id='line_1_2' title="bbox 63 191 1500 264; baseline -0.006 -16"><span class='ocrx_word' id='word_1_2' title='bbox 63 197 196 264; x_wconf 90' lang='lat' dir='ltr'>quasi</span> <span class='ocrx_word' id='word_1_3' title='bbox 229 201 438 246; x_wconf 89' lang='lat' dir='ltr'>materno</span> <span class='ocrx_word' id='word_1_4' title='bbox 460 211 540 245; x_wconf 85' lang='lat' dir='ltr'>ex</span> <span class='ocrx_word' id='word_1_5' title='bbox 574 194 754 259; x_wconf 81' lang='lat' dir='ltr'>gremio</span> <span class='ocrx_word' id='word_1_6' title='bbox 789 198 1080 259; x_wconf 80' lang='lat' dir='ltr'>prognatum.</span> <span class='ocrx_word' id='word_1_7' title='bbox 1150 193 1246 242; x_wconf 87' lang='lat' dir='ltr'>Est</span> <span class='ocrx_word' id='word_1_8' title='bbox 1291 192 1432 242; x_wconf 87' lang='lat' dir='ltr'>etiam</span> <span class='ocrx_word' id='word_1_9' title='bbox 1466 191 1500 240; x_wconf 90' lang='lat' dir='ltr'>il</span> 
     </span>
     <span class='ocr_line' id='line_1_3' title="bbox 60 270 1523 343; baseline -0.006 -16"><span class='ocrx_word' id='word_1_10' title='bbox 60 277 141 327; x_wconf 87' lang='lat' dir='ltr'>lud</span> <span class='ocrx_word' id='word_1_11' title='bbox 175 292 392 343; x_wconf 75' lang='lat' dir='ltr'>perquam</span> <span class='ocrx_word' id='word_1_12' title='bbox 424 273 736 333; x_wconf 81' lang='lat' dir='ltr'>memorabile,</span> <span class='ocrx_word' id='word_1_13' title='bbox 771 272 919 332; x_wconf 84' lang='lat' dir='ltr'>verbi,</span> <span class='ocrx_word' id='word_1_14' title='bbox 957 270 1081 335; x_wconf 88' lang='lat' dir='ltr'>quod</span> <span class='ocrx_word' id='word_1_15' title='bbox 1116 287 1267 336; x_wconf 89' lang='lat' dir='ltr'>neque</span> <span class='ocrx_word' id='word_1_16' title='bbox 1301 271 1350 319; x_wconf 87' lang='lat' dir='ltr'>in</span> <span class='ocrx_word' id='word_1_17' title='bbox 1387 287 1523 319; x_wconf 89' lang='lat' dir='ltr'>sans-</span> 
     </span>
     <span class='ocr_line' id='line_1_4' title="bbox 61 350 1528 418; baseline -0.004 -14"><span class='ocrx_word' id='word_1_18' title='bbox 61 355 240 408; x_wconf 88' lang='lat' dir='ltr'>criticis</span> <span class='ocrx_word' id='word_1_19' title='bbox 285 353 459 418; x_wconf 80' lang='lat' dir='ltr'>linguis</span> <span class='ocrx_word' id='word_1_20' title='bbox 502 367 655 415; x_wconf 89' lang='lat' dir='ltr'>neque</span> <span class='ocrx_word' id='word_1_21' title='bbox 699 351 748 399; x_wconf 87' lang='lat' dir='ltr'>in</span> <span class='ocrx_word' id='word_1_22' title='bbox 794 350 1021 399; x_wconf 89' lang='lat' dir='ltr'>semiticis</span> <span class='ocrx_word' id='word_1_23' title='bbox 1066 350 1170 398; x_wconf 84' lang='lat' dir='ltr'>sine</span> <span class='ocrx_word' id='word_1_24' title='bbox 1206 350 1528 416; x_wconf 83' lang='lat' dir='ltr'>pronominum</span> 
     </span>
     <span class='ocr_line' id='line_1_5' title="bbox 59 429 1527 495; baseline -0.005 -11"><span class='ocrx_word' id='word_1_25' title='bbox 59 435 316 484; x_wconf 88' lang='lat' dir='ltr'>mutilorum</span> <span class='ocrx_word' id='word_1_26' title='bbox 346 438 392 480; x_wconf 92' lang='lat' dir='ltr'>et</span> <span class='ocrx_word' id='word_1_27' title='bbox 415 430 547 495; x_wconf 87' lang='lat' dir='ltr'>quasi</span> <span class='ocrx_word' id='word_1_28' title='bbox 575 429 915 478; x_wconf 89' lang='lat' dir='ltr'>decurtatorum</span> <span class='ocrx_word' id='word_1_29' title='bbox 949 429 1235 477; x_wconf 70' lang='lat' dir='ltr'>assumtione</span> <span class='ocrx_word' id='word_1_30' title='bbox 1278 429 1408 477; x_wconf 87' lang='lat' dir='ltr'>flecti</span> <span class='ocrx_word' id='word_1_31' title='bbox 1444 445 1527 494; x_wconf 91' lang='lat' dir='ltr'>po-</span> 
     </span>
    </p>
   </div>
   <div class='ocr_carea' id='block_1_3' title="bbox 60 507 1599 660">
    <p class='ocr_par' dir='ltr' id='par_1_3' title="bbox 60 507 1599 660">
     <span class='ocr_line' id='line_1_6' title="bbox 61 507 1599 589; baseline -0.005 -27"><span class='ocrx_word' id='word_1_32' title='bbox 61 519 180 573; x_wconf 75' lang='lat' dir='ltr'>test,</span> <span class='ocrx_word' id='word_1_33' title='bbox 217 511 399 577; x_wconf 79' lang='lat' dir='ltr'>tertiam</span> <span class='ocrx_word' id='word_1_34' title='bbox 435 525 681 583; x_wconf 88' lang='lat' dir='ltr'>personam</span> <span class='ocrx_word' id='word_1_35' title='bbox 717 508 840 572; x_wconf 82' lang='lat' dir='ltr'>sing.</span> <span class='ocrx_word' id='word_1_36' title='bbox 877 512 1022 573; x_wconf 91' lang='lat' dir='ltr'>praet.</span> <span class='ocrx_word' id='word_1_37' title='bbox 1051 507 1099 555; x_wconf 86' lang='lat' dir='ltr'>in</span> <span class='ocrx_word' id='word_1_38' title='bbox 1135 507 1311 573; x_wconf 80' lang='lat' dir='ltr'>linguis</span> <span class='ocrx_word' id='word_1_39' title='bbox 1336 507 1599 589; x_wconf 45' lang='lat' dir='ltr'>&amp;uuiti-i,</span> 
     </span>
     <span class='ocr_line' id='line_1_7' title="bbox 60 559 1549 660; baseline -0.004 -19"><span class='ocrx_word' id='word_1_40' title='bbox 60 590 131 642; x_wconf 81' lang='lat' dir='ltr'>cis</span> <span class='ocrx_word' id='word_1_41' title='bbox 168 590 290 639; x_wconf 90' lang='lat' dir='ltr'>omui</span> <span class='ocrx_word' id='word_1_42' title='bbox 325 605 551 660; x_wconf 75' lang='lat' dir='ltr'>prononu</span> <span class='ocrx_word' id='word_1_43' title='bbox 538 587 631 635; x_wconf 82' lang='lat' dir='ltr'>1ah</span> <span class='ocrx_word' id='word_1_44' title='bbox 665 587 812 635; x_wconf 76' lang='lat' dir='ltr'>affixo</span> <span class='ocrx_word' id='word_1_45' title='bbox 849 602 1013 636; x_wconf 86' lang='lat' dir='ltr'>carere</span> <span class='ocrx_word' id='word_1_46' title='bbox 1059 592 1105 634; x_wconf 88' lang='lat' dir='ltr'>et</span> <span class='ocrx_word' id='word_1_47' title='bbox 1142 586 1330 634; x_wconf 86' lang='lat' dir='ltr'>nonnisi</span> <span class='ocrx_word' id='word_1_48' title='bbox 1374 559 1549 635; x_wconf 86' lang='lat' dir='ltr'>literis</span> 
     </span>
    </p>
   </div>
   <div class='ocr_carea' id='block_1_4' title="bbox 559 645 705 651">
    <p class='ocr_par' dir='ltr' id='par_1_4' title="bbox 559 645 705 651">
     <span class='ocr_line' id='line_1_8' title="bbox 559 645 705 651; baseline 0 0"><span class='ocrx_word' id='word_1_49' title='bbox 559 645 705 651; x_wconf 95' lang='lat' dir='ltr'> </span> 
     </span>
    </p>
   </div>
   <div class='ocr_carea' id='block_1_5' title="bbox 58 685 1528 1014">
    <p class='ocr_par' dir='ltr' id='par_1_5' title="bbox 58 685 1528 1014">
     <span class='ocr_line' id='line_1_9' title="bbox 58 685 1527 769; baseline -0.004 -16"><span class='ocrx_word' id='word_1_50' title='bbox 58 702 119 753; x_wconf 83' lang='lat' dir='ltr'>iis</span> <span class='ocrx_word' id='word_1_51' title='bbox 163 707 404 760; x_wconf 78' lang='lat' dir='ltr'>constare,</span> <span class='ocrx_word' id='word_1_52' title='bbox 452 693 571 764; x_wconf 60' lang='lat' dir='ltr'>quzfe</span> <span class='ocrx_word' id='word_1_53' title='bbox 606 698 916 748; x_wconf 86' lang='lat' dir='ltr'>radicales</span> <span class='ocrx_word' id='word_1_54' title='bbox 954 685 1152 767; x_wconf 48' lang='lat' dir='ltr'>(Qss</span> <span class='ocrx_word' id='word_1_55' title='bbox 1176 706 1355 769; x_wconf 51' lang='grc' dir='ltr'>Πῆιῑθὴτιζ</span> <span class='ocrx_word' id='word_1_56' title='bbox 1361 702 1401 760; x_wconf 83' lang='lat'>],</span> <span class='ocrx_word' id='word_1_57' title='bbox 1441 715 1527 765; x_wconf 84' lang='lat' dir='ltr'>op-</span> 
     </span>
     <span class='ocr_line' id='line_1_10' title="bbox 58 788 1526 860; baseline -0.004 -19"><span class='ocrx_word' id='word_1_58' title='bbox 58 792 229 860; x_wconf 81' lang='lat' dir='ltr'>positis</span> <span class='ocrx_word' id='word_1_59' title='bbox 265 790 542 850; x_wconf 86' lang='lat' dir='ltr'>servilibus,</span> <span class='ocrx_word' id='word_1_60' title='bbox 589 788 812 855; x_wconf 89' lang='lat' dir='ltr'>appellari</span> <span class='ocrx_word' id='word_1_61' title='bbox 860 788 1037 848; x_wconf 79' lang='lat' dir='ltr'>solent,</span> <span class='ocrx_word' id='word_1_62' title='bbox 1085 788 1232 837; x_wconf 83' lang='lat' dir='ltr'>veluti</span> <span class='ocrx_word' id='word_1_63' title='bbox 1270 803 1312 856; x_wconf 79' lang='grc' dir='ltr'>.“ῑ</span> <span class='ocrx_word' id='word_1_64' title='bbox 1355 793 1526 854; x_wconf 84' lang='lat' dir='ltr'>[pmus</span> 
     </span>
     <span class='ocr_line' id='line_1_11' title="bbox 59 866 1528 938; baseline -0.003 -18"><span class='ocrx_word' id='word_1_65' title='bbox 59 875 183 933; x_wconf 80' lang='lat' dir='ltr'>est),</span> <span class='ocrx_word' id='word_1_66' title='bbox 220 885 271 935; x_wconf 61' lang='lat'>3371</span> <span class='ocrx_word' id='word_1_67' title='bbox 311 866 649 933; x_wconf 76' lang='grc' dir='ltr'>(ζευγ-νύει),</span> <span class='ocrx_word' id='word_1_68' title='bbox 686 883 731 938; x_wconf 56' lang='grc' dir='ltr'>μ’]</span> <span class='ocrx_word' id='word_1_69' title='bbox 773 868 1034 930; x_wconf 74' lang='grc' dir='ltr'>(τείν-ει),</span> <span class='ocrx_word' id='word_1_70' title='bbox 1072 883 1174 915; x_wconf 93' lang='lat' dir='ltr'>cum</span> <span class='ocrx_word' id='word_1_71' title='bbox 1210 867 1257 915; x_wconf 88' lang='lat' dir='ltr'>iu</span> <span class='ocrx_word' id='word_1_72' title='bbox 1294 867 1528 916; x_wconf 80' lang='lat' dir='ltr'>sanscrita</span> 
     </span>
     <span class='ocr_line' id='line_1_12' title="bbox 58 945 1526 1014; baseline -0.003 -16"><span class='ocrx_word' id='word_1_73' title='bbox 58 951 249 998; x_wconf 85' lang='lat' dir='ltr'>affixum</span> <span class='ocrx_word' id='word_1_74' title='bbox 275 947 352 1014; x_wconf 41' lang='lat' dir='ltr'>a«)</span> <span class='ocrx_word' id='word_1_75' title='bbox 375 948 534 1014; x_wconf 84' lang='lat' dir='ltr'>stirpis</span> <span class='ocrx_word' id='word_1_76' title='bbox 563 945 896 1013; x_wconf 79' lang='lat' dir='ltr'>pronominalis</span> <span class='ocrx_word' id='word_1_77' title='bbox 923 945 1280 995; x_wconf 79' lang='lat' dir='ltr'>demonstrativi</span> <span class='ocrx_word' id='word_1_78' title='bbox 1303 962 1526 1012; x_wconf 86' lang='lat' dir='ltr'>compen-</span> 
     </span>
    </p>
   </div>
   <div class='ocr_carea' id='block_1_6' title="bbox 58 1039 1528 1114">
    <p class='ocr_par' dir='ltr' id='par_1_6' title="bbox 58 1039 1528 1114">
     <span class='ocr_line' id='line_1_13' title="bbox 58 1039 1528 1114; baseline -0.003 -14"><span class='ocrx_word' id='word_1_79' title='bbox 58 1051 196 1111; x_wconf 87' lang='lat' dir='ltr'>dium,</span> <span class='ocrx_word' id='word_1_80' title='bbox 227 1051 273 1099; x_wconf 89' lang='lat' dir='ltr'>in</span> <span class='ocrx_word' id='word_1_81' title='bbox 295 1050 387 1098; x_wconf 88' lang='lat' dir='ltr'>fine</span> <span class='ocrx_word' id='word_1_82' title='bbox 409 1048 455 1097; x_wconf 90' lang='lat'>3.</span> <span class='ocrx_word' id='word_1_83' title='bbox 478 1065 540 1098; x_wconf 84' lang='lat' dir='ltr'>ex</span> <span class='ocrx_word' id='word_1_84' title='bbox 561 1048 725 1113; x_wconf 81' lang='lat' dir='ltr'>regula</span> <span class='ocrx_word' id='word_1_85' title='bbox 744 1047 889 1112; x_wconf 88' lang='lat' dir='ltr'>adjici</span> <span class='ocrx_word' id='word_1_86' title='bbox 912 1053 1140 1114; x_wconf 89' lang='lat' dir='ltr'>oporteat,</span> <span class='ocrx_word' id='word_1_87' title='bbox 1169 1048 1317 1097; x_wconf 83' lang='lat' dir='ltr'>veluti</span> <span class='ocrx_word' id='word_1_88' title='bbox 1347 1039 1528 1106; x_wconf 61' lang='grc' dir='ltr'>Ξῆῒᾱῇ</span> 
     </span>
    </p>
   </div>
   <div class='ocr_carea' id='block_1_7' title="bbox 1356 1104 1390 1127">
    <p class='ocr_par' dir='ltr' id='par_1_7' title="bbox 1356 1104 1390 1127">
     <span class='ocr_line' id='line_1_14' title="bbox 1356 1104 1390 1127; baseline 0 0"><span class='ocrx_word' id='word_1_89' title='bbox 1356 1104 1390 1127; x_wconf 68' lang='grc' dir='ltr'><strong>Ὁ</strong></span> 
     </span>
    </p>
   </div>
   <div class='ocr_carea' id='block_1_8' title="bbox 59 1146 1527 1319">
    <p class='ocr_par' dir='ltr' id='par_1_8' title="bbox 59 1146 1527 1319">
     <span class='ocr_line' id='line_1_15' title="bbox 59 1146 1510 1242; baseline -0.006 -15"><span class='ocrx_word' id='word_1_90' title='bbox 59 1161 310 1229; x_wconf 51' lang='lat' dir='ltr'>(rad-³³³f</span> <span class='ocrx_word' id='word_1_91' title='bbox 229 1210 262 1232; x_wconf 44' lang='grc' dir='ltr'><strong>Ὁ</strong></span> <span class='ocrx_word' id='word_1_92' title='bbox 298 1218 331 1242; x_wconf 29' lang='grc' dir='ltr'>,Χ</span> <span class='ocrx_word' id='word_1_93' title='bbox 366 1185 434 1204; x_wconf 91' lang='lat'><strong><em>=</em></strong></span> <span class='ocrx_word' id='word_1_94' title='bbox 468 1165 566 1230; x_wconf 57' lang='grc' dir='ltr'>πῶς</span> <span class='ocrx_word' id='word_1_95' title='bbox 609 1153 765 1241; x_wconf 52' lang='grc' dir='ltr'>Ετιῆἒῆ</span> <span class='ocrx_word' id='word_1_96' title='bbox 818 1160 943 1224; x_wconf 75' lang='lat' dir='ltr'>(rad-</span> <span class='ocrx_word' id='word_1_97' title='bbox 981 1159 1084 1232; x_wconf 50' lang='grc' dir='ltr'>Ξῖ</span> <span class='ocrx_word' id='word_1_98' title='bbox 1119 1182 1189 1202; x_wconf 92' lang='lat'>=</span> <span class='ocrx_word' id='word_1_99' title='bbox 1223 1161 1309 1227; x_wconf 57' lang='lat'>³3³</span> <span class='ocrx_word' id='word_1_100' title='bbox 1344 1146 1510 1219; x_wconf 60' lang='grc' dir='ltr'>ειῑιῖιὲ</span> 
     </span>
     <span class='ocr_line' id='line_1_16' title="bbox 59 1249 1527 1319; baseline -0.003 -16"><span class='ocrx_word' id='word_1_101' title='bbox 59 1253 184 1318; x_wconf 83' lang='lat' dir='ltr'>(rad.</span> <span class='ocrx_word' id='word_1_102' title='bbox 220 1252 329 1317; x_wconf 60' lang='grc' dir='ltr'>Ηῑῐ</span> <span class='ocrx_word' id='word_1_103' title='bbox 363 1276 430 1294; x_wconf 91' lang='lat'><strong><em>=</em></strong></span> <span class='ocrx_word' id='word_1_104' title='bbox 472 1255 572 1319; x_wconf 57' lang='lat' dir='ltr'>ffi);</span> <span class='ocrx_word' id='word_1_105' title='bbox 630 1268 747 1316; x_wconf 90' lang='lat' dir='ltr'>quae</span> <span class='ocrx_word' id='word_1_106' title='bbox 793 1250 977 1315; x_wconf 88' lang='lat' dir='ltr'>quidem</span> <span class='ocrx_word' id='word_1_107' title='bbox 1027 1267 1107 1300; x_wconf 88' lang='lat' dir='ltr'>res</span> <span class='ocrx_word' id='word_1_108' title='bbox 1152 1249 1332 1298; x_wconf 88' lang='lat' dir='ltr'>idcirco</span> <span class='ocrx_word' id='word_1_109' title='bbox 1381 1249 1527 1314; x_wconf 79' lang='lat' dir='ltr'>digna</span> 
     </span>
    </p>
   </div>
   <div class='ocr_carea' id='block_1_9' title="bbox 60 1328 1528 1476">
    <p class='ocr_par' dir='ltr' id='par_1_9' title="bbox 60 1328 1528 1476">
     <span class='ocr_line' id='line_1_17' title="bbox 61 1328 1528 1396; baseline -0.003 -14"><span class='ocrx_word' id='word_1_110' title='bbox 61 1339 138 1382; x_wconf 86' lang='lat' dir='ltr'>est</span> <span class='ocrx_word' id='word_1_111' title='bbox 172 1331 495 1396; x_wconf 79' lang='lat' dir='ltr'>inquisitione,</span> <span class='ocrx_word' id='word_1_112' title='bbox 541 1330 663 1394; x_wconf 87' lang='lat' dir='ltr'>quod</span> <span class='ocrx_word' id='word_1_113' title='bbox 698 1330 987 1394; x_wconf 79' lang='lat' dir='ltr'>grammatici</span> <span class='ocrx_word' id='word_1_114' title='bbox 1023 1336 1071 1378; x_wconf 88' lang='lat' dir='ltr'>et</span> <span class='ocrx_word' id='word_1_115' title='bbox 1106 1328 1253 1377; x_wconf 92' lang='lat' dir='ltr'>indici</span> <span class='ocrx_word' id='word_1_116' title='bbox 1289 1334 1336 1376; x_wconf 87' lang='lat' dir='ltr'>et</span> <span class='ocrx_word' id='word_1_117' title='bbox 1371 1330 1528 1378; x_wconf 88' lang='lat' dir='ltr'>arabi-</span> 
     </span>
     <span class='ocr_line' id='line_1_18' title="bbox 60 1407 1527 1476; baseline -0.002 -16"><span class='ocrx_word' id='word_1_118' title='bbox 60 1410 343 1474; x_wconf 86' lang='lat' dir='ltr'>co-judaici</span> <span class='ocrx_word' id='word_1_119' title='bbox 384 1409 568 1458; x_wconf 85' lang='lat' dir='ltr'>tertiam</span> <span class='ocrx_word' id='word_1_120' title='bbox 623 1426 870 1476; x_wconf 83' lang='lat' dir='ltr'>personam</span> <span class='ocrx_word' id='word_1_121' title='bbox 916 1408 1089 1457; x_wconf 88' lang='lat' dir='ltr'>ceteris</span> <span class='ocrx_word' id='word_1_122' title='bbox 1148 1407 1269 1456; x_wconf 90' lang='lat' dir='ltr'>binis</span> <span class='ocrx_word' id='word_1_123' title='bbox 1321 1423 1527 1458; x_wconf 88' lang='lat' dir='ltr'>consen-</span> 
     </span>
    </p>
   </div>
   <div class='ocr_carea' id='block_1_10' title="bbox 0 1487 1525 1555">
    <p class='ocr_par' dir='ltr' id='par_1_10' title="bbox 0 1487 1525 1555">
     <span class='ocr_line' id='line_1_19' title="bbox 0 1487 1525 1555; baseline -0.002 -17"><span class='ocrx_word' id='word_1_124' title='bbox 0 1521 1 1552; x_wconf 31' lang='grc' dir='ltr'>ᾗ</span> <span class='ocrx_word' id='word_1_125' title='bbox 57 1490 226 1538; x_wconf 80' lang='lat' dir='ltr'>tienter</span> <span class='ocrx_word' id='word_1_126' title='bbox 261 1494 563 1555; x_wconf 86' lang='lat' dir='ltr'>praeponunt.</span> <span class='ocrx_word' id='word_1_127' title='bbox 634 1489 810 1551; x_wconf 84' lang='lat' dir='ltr'>Neque</span> <span class='ocrx_word' id='word_1_128' title='bbox 846 1487 1327 1546; x_wconf 49' lang='lat' dir='ltr'>miuQmirum-est,</span> <span class='ocrx_word' id='word_1_129' title='bbox 1364 1504 1525 1552; x_wconf 81' lang='lat' dir='ltr'>gram-</span> 
     </span>
    </p>
   </div>
   <div class='ocr_carea' id='block_1_11' title="bbox 0 1593 2 1813">
    <p class='ocr_par' dir='ltr' id='par_1_11' title="bbox 0 1593 2 1813">
     <span class='ocr_line' id='line_1_20' title="bbox 0 1593 2 1710; baseline 0 0"><span class='ocrx_word' id='word_1_130' title='bbox 0 1593 2 1710; x_wconf 68' lang='lat' dir='ltr'>l</span> 
     </span>
     <span class='ocr_line' id='line_1_21' title="bbox 0 1718 2 1813; baseline 0 0"><span class='ocrx_word' id='word_1_131' title='bbox 0 1718 2 1813; x_wconf 64' lang='lat' dir='ltr'>J</span> 
     </span>
    </p>
   </div>
   <div class='ocr_carea' id='block_1_12' title="bbox 753 1543 876 1552">
    <p class='ocr_par' dir='ltr' id='par_1_12' title="bbox 753 1543 876 1552">
     <span class='ocr_line' id='line_1_22' title="bbox 753 1543 876 1552; baseline 0 1707"><span class='ocrx_word' id='word_1_132' title='bbox 753 1543 876 1552; x_wconf 95' lang='lat' dir='ltr'> </span> 
     </span>
    </p>
   </div>
   <div class='ocr_carea' id='block_1_13' title="bbox 0 1566 1526 1630">
    <p class='ocr_par' dir='ltr' id='par_1_13' title="bbox 0 1566 1526 1630">
     <span class='ocr_line' id='line_1_23' title="bbox 0 1566 1526 1630; baseline 0 -15"><span class='ocrx_word' id='word_1_133' title='bbox 0 1568 1 1590; x_wconf 73' lang='lat'>³</span> <span class='ocrx_word' id='word_1_134' title='bbox 57 1568 254 1616; x_wconf 88' lang='lat' dir='ltr'>maticos</span> <span class='ocrx_word' id='word_1_135' title='bbox 291 1567 509 1615; x_wconf 85' lang='lat' dir='ltr'>Indorum</span> <span class='ocrx_word' id='word_1_136' title='bbox 539 1583 688 1630; x_wconf 90' lang='lat' dir='ltr'>aeque</span> <span class='ocrx_word' id='word_1_137' title='bbox 716 1583 773 1616; x_wconf 90' lang='lat' dir='ltr'>ac</span> <span class='ocrx_word' id='word_1_138' title='bbox 805 1566 1115 1614; x_wconf 85' lang='lat' dir='ltr'>semiticarum</span> <span class='ocrx_word' id='word_1_139' title='bbox 1137 1566 1395 1629; x_wconf 79' lang='lat' dir='ltr'>linguarum</span> <span class='ocrx_word' id='word_1_140' title='bbox 1427 1584 1526 1615; x_wconf 90' lang='lat' dir='ltr'>ma-</span> 
     </span>
    </p>
   </div>
   <div class='ocr_carea' id='block_1_14' title="bbox 56 1645 1526 1789">
    <p class='ocr_par' dir='ltr' id='par_1_14' title="bbox 56 1645 1526 1789">
     <span class='ocr_line' id='line_1_24' title="bbox 57 1645 1526 1712; baseline 0 -18"><span class='ocrx_word' id='word_1_141' title='bbox 57 1647 236 1712; x_wconf 85' lang='lat' dir='ltr'>gistros</span> <span class='ocrx_word' id='word_1_142' title='bbox 262 1645 513 1709; x_wconf 82' lang='lat' dir='ltr'>indigenas</span> <span class='ocrx_word' id='word_1_143' title='bbox 544 1645 588 1693; x_wconf 90' lang='lat' dir='ltr'>ei</span> <span class='ocrx_word' id='word_1_144' title='bbox 624 1645 771 1693; x_wconf 89' lang='lat' dir='ltr'>errori</span> <span class='ocrx_word' id='word_1_145' title='bbox 800 1645 979 1703; x_wconf 80' lang='lat' dir='ltr'>favere,</span> <span class='ocrx_word' id='word_1_146' title='bbox 1016 1651 1066 1692; x_wconf 89' lang='lat' dir='ltr'>ut</span> <span class='ocrx_word' id='word_1_147' title='bbox 1098 1645 1293 1692; x_wconf 78' lang='lat' dir='ltr'>verbum</span> <span class='ocrx_word' id='word_1_148' title='bbox 1325 1646 1526 1705; x_wconf 64' lang='lat' dir='ltr'>Qum</span> 
     </span>
     <span class='ocr_line' id='line_1_25' title="bbox 56 1723 1526 1789; baseline -0.001 -15"><span class='ocrx_word' id='word_1_149' title='bbox 56 1726 412 1785; x_wconf 83' lang='lat' dir='ltr'>vocabulorum,</span> <span class='ocrx_word' id='word_1_150' title='bbox 449 1724 530 1773; x_wconf 73' lang='lat' dir='ltr'>vel</span> <span class='ocrx_word' id='word_1_151' title='bbox 564 1724 970 1772; x_wconf 83' lang='lat' dir='ltr'>minutissimarum</span> <span class='ocrx_word' id='word_1_152' title='bbox 1004 1723 1345 1789; x_wconf 84' lang='lat' dir='ltr'>particularum,</span> <span class='ocrx_word' id='word_1_153' title='bbox 1383 1725 1526 1773; x_wconf 88' lang='lat' dir='ltr'>semi-</span> 
     </span>
    </p>
   </div>
   <div class='ocr_carea' id='block_1_15' title="bbox 595 1697 784 1707">
    <p class='ocr_par' dir='ltr' id='par_1_15' title="bbox 595 1697 784 1707">
     <span class='ocr_line' id='line_1_26' title="bbox 595 1697 784 1707; baseline 0 1552"><span class='ocrx_word' id='word_1_154' title='bbox 595 1697 784 1707; x_wconf 95' lang='lat' dir='ltr'> </span> 
     </span>
    </p>
   </div>
   <div class='ocr_carea' id='block_1_16' title="bbox 1086 1698 1299 1707">
    <p class='ocr_par' dir='ltr' id='par_1_16' title="bbox 1086 1698 1299 1707">
     <span class='ocr_line' id='line_1_27' title="bbox 1086 1698 1299 1707; baseline 0 1552"><span class='ocrx_word' id='word_1_155' title='bbox 1086 1698 1299 1707; x_wconf 95' lang='lat' dir='ltr'> </span> 
     </span>
    </p>
   </div>
   <div class='ocr_carea' id='block_1_17' title="bbox 1395 1777 1520 1782">
    <p class='ocr_par' dir='ltr' id='par_1_17' title="bbox 1395 1777 1520 1782">
     <span class='ocr_line' id='line_1_28' title="bbox 1395 1777 1520 1782; baseline 0 0"><span class='ocrx_word' id='word_1_156' title='bbox 1395 1777 1520 1782; x_wconf 95' lang='lat' dir='ltr'> </span> 
     </span>
    </p>
   </div>
   <div class='ocr_carea' id='block_1_18' title="bbox 0 1802 1527 1952">
    <p class='ocr_par' dir='ltr' id='par_1_18' title="bbox 0 1802 1527 1952">
     <span class='ocr_line' id='line_1_29' title="bbox 0 1802 1525 1867; baseline -0.001 -14"><span class='ocrx_word' id='word_1_157' title='bbox 0 1846 2 1866; x_wconf 31' lang='grc' dir='ltr'><em>ζ</em></span> <span class='ocrx_word' id='word_1_158' title='bbox 57 1804 233 1853; x_wconf 78' lang='grc' dir='ltr'>ιι3ι’ἰωιι</span> <span class='ocrx_word' id='word_1_159' title='bbox 284 1819 397 1852; x_wconf 86' lang='lat' dir='ltr'>esse</span> <span class='ocrx_word' id='word_1_160' title='bbox 443 1810 688 1851; x_wconf 81' lang='lat' dir='ltr'>censeant:</span> <span class='ocrx_word' id='word_1_161' title='bbox 735 1802 812 1866; x_wconf 90' lang='lat' dir='ltr'>qui</span> <span class='ocrx_word' id='word_1_162' title='bbox 858 1818 989 1850; x_wconf 89' lang='lat' dir='ltr'>error</span> <span class='ocrx_word' id='word_1_163' title='bbox 1035 1818 1097 1849; x_wconf 86' lang='lat' dir='ltr'>ex</span> <span class='ocrx_word' id='word_1_164' title='bbox 1136 1818 1280 1849; x_wconf 89' lang='lat' dir='ltr'>sensu</span> <span class='ocrx_word' id='word_1_165' title='bbox 1326 1803 1525 1867; x_wconf 89' lang='lat' dir='ltr'>quodam</span> 
     </span>
     <span class='ocr_line' id='line_1_30' title="bbox 0 1880 1527 1952; baseline 0 -20"><span class='ocrx_word' id='word_1_166' title='bbox 0 1923 2 1952; x_wconf 31' lang='grc' dir='ltr'><strong>ξ</strong></span> <span class='ocrx_word' id='word_1_167' title='bbox 58 1883 162 1932; x_wconf 83' lang='lat' dir='ltr'>veri</span> <span class='ocrx_word' id='word_1_168' title='bbox 192 1882 388 1942; x_wconf 87' lang='lat' dir='ltr'>interno,</span> <span class='ocrx_word' id='word_1_169' title='bbox 427 1880 515 1930; x_wconf 89' lang='lat' dir='ltr'>sed</span> <span class='ocrx_word' id='word_1_170' title='bbox 540 1881 723 1929; x_wconf 88' lang='lat' dir='ltr'>nimium</span> <span class='ocrx_word' id='word_1_171' title='bbox 761 1881 982 1947; x_wconf 87' lang='lat' dir='ltr'>opinabili</span> <span class='ocrx_word' id='word_1_172' title='bbox 1018 1881 1404 1946; x_wconf 82' lang='lat' dir='ltr'>aequalitatisque</span> <span class='ocrx_word' id='word_1_173' title='bbox 1440 1899 1527 1932; x_wconf 89' lang='lat' dir='ltr'>cu-</span> 
     </span>
    </p>
   </div>
   <div class='ocr_carea' id='block_1_19' title="bbox 0 1960 1525 2028">
    <p class='ocr_par' dir='ltr' id='par_1_19' title="bbox 0 1960 1525 2028">
     <span class='ocr_line' id='line_1_31' title="bbox 0 1960 1525 2028; baseline 0.001 -18"><span class='ocrx_word' id='word_1_174' title='bbox 0 1965 2 1975; x_wconf 56' lang='lat'><em>*</em></span> <span class='ocrx_word' id='word_1_175' title='bbox 58 1960 218 2028; x_wconf 86' lang='lat' dir='ltr'>pidine</span> <span class='ocrx_word' id='word_1_176' title='bbox 261 1960 458 2009; x_wconf 90' lang='lat' dir='ltr'>seducto</span> <span class='ocrx_word' id='word_1_177' title='bbox 504 1961 723 2008; x_wconf 76' lang='lat' dir='ltr'>manavit.</span> <span class='ocrx_word' id='word_1_178' title='bbox 812 1960 1155 2008; x_wconf 82' lang='lat' dir='ltr'>Intellexerunt</span> <span class='ocrx_word' id='word_1_179' title='bbox 1209 1960 1332 2008; x_wconf 91' lang='lat' dir='ltr'>enim</span> <span class='ocrx_word' id='word_1_180' title='bbox 1389 1963 1525 2011; x_wconf 82' lang='lat' dir='ltr'>verbi</span> 
     </span>
    </p>
   </div>
   <div class='ocr_carea' id='block_1_20' title="bbox 58 2038 1526 2500">
    <p class='ocr_par' dir='ltr' id='par_1_20' title="bbox 58 2038 1526 2500">
     <span class='ocr_line' id='line_1_32' title="bbox 59 2038 1526 2105; baseline 0.002 -18"><span class='ocrx_word' id='word_1_181' title='bbox 59 2039 333 2105; x_wconf 83' lang='lat' dir='ltr'>dignitatem</span> <span class='ocrx_word' id='word_1_182' title='bbox 377 2055 434 2088; x_wconf 90' lang='lat' dir='ltr'>ac</span> <span class='ocrx_word' id='word_1_183' title='bbox 484 2038 797 2099; x_wconf 84' lang='lat' dir='ltr'>feracitatem,</span> <span class='ocrx_word' id='word_1_184' title='bbox 852 2055 941 2087; x_wconf 89' lang='lat' dir='ltr'>nec</span> <span class='ocrx_word' id='word_1_185' title='bbox 989 2039 1092 2087; x_wconf 85' lang='lat' dir='ltr'>sine</span> <span class='ocrx_word' id='word_1_186' title='bbox 1139 2055 1284 2087; x_wconf 84' lang='lat' dir='ltr'>causa</span> <span class='ocrx_word' id='word_1_187' title='bbox 1330 2040 1378 2088; x_wconf 87' lang='lat' dir='ltr'>in</span> <span class='ocrx_word' id='word_1_188' title='bbox 1431 2043 1526 2090; x_wconf 82' lang='lat' dir='ltr'>ab·</span> 
     </span>
     <span class='ocr_line' id='line_1_33' title="bbox 58 2118 1526 2185; baseline 0.001 -18"><span class='ocrx_word' id='word_1_189' title='bbox 58 2125 289 2168; x_wconf 77' lang='lat' dir='ltr'>sti-acto</span> <span class='ocrx_word' id='word_1_190' title='bbox 327 2123 582 2184; x_wconf 89' lang='lat' dir='ltr'>posuerunt</span> <span class='ocrx_word' id='word_1_191' title='bbox 617 2120 722 2180; x_wconf 83' lang='lat' dir='ltr'>ejus</span> <span class='ocrx_word' id='word_1_192' title='bbox 758 2118 1058 2184; x_wconf 84' lang='lat' dir='ltr'>prioritatem,</span> <span class='ocrx_word' id='word_1_193' title='bbox 1096 2124 1143 2164; x_wconf 88' lang='lat' dir='ltr'>at</span> <span class='ocrx_word' id='word_1_194' title='bbox 1177 2118 1225 2165; x_wconf 93' lang='lat' dir='ltr'>in</span> <span class='ocrx_word' id='word_1_195' title='bbox 1256 2134 1313 2167; x_wconf 93' lang='lat' dir='ltr'>eo</span> <span class='ocrx_word' id='word_1_196' title='bbox 1349 2136 1526 2185; x_wconf 90' lang='lat' dir='ltr'>pecca—</span> 
     </span>
     <span class='ocr_line' id='line_1_34' title="bbox 58 2195 1525 2260; baseline 0.001 -15"><span class='ocrx_word' id='word_1_197' title='bbox 58 2203 183 2257; x_wconf 85' lang='lat' dir='ltr'>runt,</span> <span class='ocrx_word' id='word_1_198' title='bbox 231 2196 354 2260; x_wconf 89' lang='lat' dir='ltr'>quod</span> <span class='ocrx_word' id='word_1_199' title='bbox 396 2196 443 2244; x_wconf 89' lang='lat' dir='ltr'>in</span> <span class='ocrx_word' id='word_1_200' title='bbox 490 2195 750 2245; x_wconf 86' lang='lat' dir='ltr'>nominibus</span> <span class='ocrx_word' id='word_1_201' title='bbox 798 2214 825 2244; x_wconf 89' lang='lat' dir='ltr'>a</span> <span class='ocrx_word' id='word_1_202' title='bbox 860 2196 1021 2244; x_wconf 62' lang='lat' dir='ltr'>verbis</span> <span class='ocrx_word' id='word_1_203' title='bbox 1057 2195 1349 2244; x_wconf 83' lang='lat' dir='ltr'>deducendis</span> <span class='ocrx_word' id='word_1_204' title='bbox 1385 2198 1525 2246; x_wconf 88' lang='lat' dir='ltr'>nimis</span> 
     </span>
     <span class='ocr_line' id='line_1_35' title="bbox 58 2274 1524 2343; baseline -0.006 -18"><span class='ocrx_word' id='word_1_205' title='bbox 58 2277 307 2343; x_wconf 86' lang='lat' dir='ltr'>praefracti</span> <span class='ocrx_word' id='word_1_206' title='bbox 342 2276 511 2323; x_wconf 88' lang='lat' dir='ltr'>nullam</span> <span class='ocrx_word' id='word_1_207' title='bbox 547 2275 874 2340; x_wconf 81' lang='lat' dir='ltr'>exceptionem</span> <span class='ocrx_word' id='word_1_208' title='bbox 912 2274 1253 2335; x_wconf 76' lang='lat' dir='ltr'>concedebant,</span> <span class='ocrx_word' id='word_1_209' title='bbox 1299 2282 1369 2337; x_wconf 90' lang='lat' dir='ltr'>et,</span> <span class='ocrx_word' id='word_1_210' title='bbox 1408 2294 1524 2326; x_wconf 86' lang='lat' dir='ltr'>con-</span> 
     </span>
     <span class='ocr_line' id='line_1_36' title="bbox 58 2353 1523 2419; baseline 0.002 -17"><span class='ocrx_word' id='word_1_211' title='bbox 58 2355 168 2403; x_wconf 87' lang='lat' dir='ltr'>ficta</span> <span class='ocrx_word' id='word_1_212' title='bbox 210 2354 335 2402; x_wconf 88' lang='lat' dir='ltr'>haud</span> <span class='ocrx_word' id='word_1_213' title='bbox 380 2355 557 2419; x_wconf 78' lang='lat' dir='ltr'>exigua</span> <span class='ocrx_word' id='word_1_214' title='bbox 601 2353 808 2402; x_wconf 81' lang='lat' dir='ltr'>radicum</span> <span class='ocrx_word' id='word_1_215' title='bbox 862 2354 1273 2403; x_wconf 78' lang='lat' dir='ltr'>commentitiamm</span> <span class='ocrx_word' id='word_1_216' title='bbox 1317 2357 1523 2405; x_wconf 86' lang='lat' dir='ltr'>multitu-</span> 
     </span>
     <span class='ocr_line' id='line_1_37' title="bbox 59 2432 1524 2500; baseline 0.003 -19"><span class='ocrx_word' id='word_1_217' title='bbox 59 2432 193 2493; x_wconf 85' lang='lat' dir='ltr'>dine,</span> <span class='ocrx_word' id='word_1_218' title='bbox 248 2433 328 2482; x_wconf 80' lang='lat' dir='ltr'>vel</span> <span class='ocrx_word' id='word_1_219' title='bbox 373 2434 546 2500; x_wconf 84' lang='lat' dir='ltr'>stirpes</span> <span class='ocrx_word' id='word_1_220' title='bbox 591 2433 963 2500; x_wconf 83' lang='lat' dir='ltr'>pronominales,</span> <span class='ocrx_word' id='word_1_221' title='bbox 1011 2449 1128 2497; x_wconf 87' lang='lat' dir='ltr'>quae</span> <span class='ocrx_word' id='word_1_222' title='bbox 1171 2433 1312 2482; x_wconf 86' lang='lat' dir='ltr'>nullis</span> <span class='ocrx_word' id='word_1_223' title='bbox 1349 2438 1524 2487; x_wconf 83' lang='lat' dir='ltr'>verbo-</span> 
     </span>
    </p>
   </div>
   <div class='ocr_carea' id='block_1_21' title="bbox 158 2626 250 2651">
    <p class='ocr_par' dir='ltr' id='par_1_21' title="bbox 158 2626 250 2651">
     <span class='ocr_line' id='line_1_38' title="bbox 158 2626 250 2651; baseline -0.022 0"><span class='ocrx_word' id='word_1_224' title='bbox 158 2626 250 2651; x_wconf 52' lang='lat' dir='ltr'>Soa</span> 
     </span>
    </p>
   </div>
   <div class='ocr_carea' id='block_1_22' title="bbox 60 2644 1523 2726">
    <p class='ocr_par' dir='ltr' id='par_1_22' title="bbox 60 2644 1523 2726">
     <span class='ocr_line' id='line_1_39' title="bbox 60 2644 1523 2726; baseline -0.005 -39"><span class='ocrx_word' id='word_1_225' title='bbox 60 2653 100 2688; x_wconf 88' lang='lat' dir='ltr'>et</span> <span class='ocrx_word' id='word_1_226' title='bbox 131 2654 265 2726; x_wconf 43' lang='lat' dir='ltr'>Q?</span> <span class='ocrx_word' id='word_1_227' title='bbox 297 2648 521 2687; x_wconf 80' lang='lat' dir='ltr'>discernere</span> <span class='ocrx_word' id='word_1_228' title='bbox 558 2650 599 2688; x_wconf 88' lang='lat' dir='ltr'>in</span> <span class='ocrx_word' id='word_1_229' title='bbox 640 2652 789 2700; x_wconf 79' lang='lat' dir='ltr'>vulgus</span> <span class='ocrx_word' id='word_1_230' title='bbox 829 2654 963 2688; x_wconf 89' lang='lat' dir='ltr'>notum</span> <span class='ocrx_word' id='word_1_231' title='bbox 1002 2653 1074 2688; x_wconf 84' lang='lat' dir='ltr'>est.</span> <span class='ocrx_word' id='word_1_232' title='bbox 1143 2651 1202 2688; x_wconf 85' lang='lat' dir='ltr'>At</span> <span class='ocrx_word' id='word_1_233' title='bbox 1240 2647 1317 2686; x_wconf 84' lang='lat' dir='ltr'>tria</span> <span class='ocrx_word' id='word_1_234' title='bbox 1345 2644 1523 2684; x_wconf 83' lang='lat' dir='ltr'>radicum</span> 
     </span>
    </p>
   </div>
   <div class='ocr_carea' id='block_1_23' title="bbox 60 2734 1523 2856">
    <p class='ocr_par' dir='ltr' id='par_1_23' title="bbox 60 2734 1523 2856">
     <span class='ocr_line' id='line_1_40' title="bbox 60 2734 1523 2793; baseline -0.001 -16"><span class='ocrx_word' id='word_1_235' title='bbox 60 2752 210 2790; x_wconf 83' lang='lat' dir='ltr'>genera</span> <span class='ocrx_word' id='word_1_236' title='bbox 248 2751 325 2778; x_wconf 90' lang='lat' dir='ltr'>non</span> <span class='ocrx_word' id='word_1_237' title='bbox 364 2744 605 2793; x_wconf 79' lang='lat' dir='ltr'>agnoscunt,</span> <span class='ocrx_word' id='word_1_238' title='bbox 650 2744 771 2780; x_wconf 84' lang='lat' dir='ltr'>totam</span> <span class='ocrx_word' id='word_1_239' title='bbox 809 2743 1090 2781; x_wconf 81' lang='lat' dir='ltr'>vocabulorum</span> <span class='ocrx_word' id='word_1_240' title='bbox 1129 2741 1282 2789; x_wconf 78' lang='lat' dir='ltr'>copiam</span> <span class='ocrx_word' id='word_1_241' title='bbox 1330 2747 1353 2775; x_wconf 87' lang='lat' dir='ltr'>e</span> <span class='ocrx_word' id='word_1_242' title='bbox 1401 2734 1523 2773; x_wconf 73' lang='lat' dir='ltr'>verbo</span> 
     </span>
     <span class='ocr_line' id='line_1_41' title="bbox 62 2811 501 2856; baseline 0 -11"><span class='ocrx_word' id='word_1_243' title='bbox 62 2817 268 2846; x_wconf 83' lang='lat' dir='ltr'>emanasse</span> <span class='ocrx_word' id='word_1_244' title='bbox 300 2811 501 2856; x_wconf 76' lang='lat' dir='ltr'>ponentes.</span> 
     </span>
    </p>
   </div>
   <div class='ocr_carea' id='block_1_24' title="bbox 1184 2868 1218 2914">
    <p class='ocr_par' dir='ltr' id='par_1_24' title="bbox 1184 2868 1218 2914">
     <span class='ocr_line' id='line_1_42' title="bbox 1184 2868 1218 2914; baseline 0 0"><span class='ocrx_word' id='word_1_245' title='bbox 1184 2868 1218 2914; x_wconf 84' lang='lat'><strong>9</strong></span> 
     </span>
    </p>
   </div>
  </div>
 </body>
</html>
