1934 3259
619 100 915 144 „33-

44 237 200 276 corum
254 216 509 268 studiorum
560 218 693 265 aetas
747 230 857 265 orsa
906 219 1001 277 est,
1047 232 1182 281 quam
1227 217 1270 266 si
1312 233 1499 269 auream

43 299 279 367 appellare
327 294 639 355 dubitaveris,
696 310 866 343 aureae
910 300 1039 343 certe
1085 296 1340 361 proximam
1385 314 1500 348 esse

45 377 297 430 concedes.
369 373 505 435 Quod
541 390 630 437 quo
660 375 770 437 jure
806 372 1005 422 concedi
1025 382 1250 440 oporteat,
1274 376 1502 443 deinceps

43 457 384 506 demonstrabo.
473 454 679 513 Fontes,
741 467 804 500 ex
862 452 1026 515 quibus
1079 455 1288 501 omnibus
1333 456 1504 519 quique

45 536 274 584 aetatibus
309 533 398 582 sibi
432 530 668 599 praesidia
703 530 763 578 ad
789 529 1056 580 ¹hebraicae
1099 531 1288 595 linguae
1333 533 1505 597 cogni-

46 614 217 663 tionem
251 612 496 679 petierunt,
532 617 631 659 tres
668 614 789 670 sunt,
827 609 1100 669 traditio,
1138 612 1505 676 comparatio
1564 619 1565 641 ³

44 698 93 741 et
126 690 530 758 philosophia,
578 695 793 750 naturae,
839 695 888 736 ut
933 688 1202 754 pollicetur,
1247 689 1504 755 interpres:

46 786 165 834 quae
201 769 409 819 subsidia
444 767 598 817 adhuc
632 784 783 832 neque
818 768 913 815 ullo
934 773 1144 833 tempore
1172 784 1367 834 prorsus
1403 768 1506 816 dis-

38 851 205 914 juncta
249 864 399 912 neque
441 864 637 911 unquam
679 864 814 895 unam
859 846 907 893 in
951 847 1157 912 speciem
1204 847 1507 910 aequabiliter

45 933 302 993 temperata
346 932 465 975 sunt.
551 927 699 975 Unum
756 940 960 990 semper,
1015 925 1254 988 neglectis
1297 925 1507 989 reliquis,

46 1006 328 1073 praevaluit,
385 1005 516 1053 velut
569 1004 617 1053 in
674 1020 929 1070 synagoga
986 1004 1236 1053 talmudico
1299 1009 1509 1070 tempore

42 1083 245 1141 traditio,
283 1083 436 1132 medio
473 1100 594 1132 aevo
631 1083 880 1132 dialectica
916 1083 1221 1149 comparatio,
1257 1082 1511 1133 recentiori

45 1163 262 1212 memoria
297 1162 609 1228 philosophia,
656 1179 775 1226 quae
819 1162 868 1210 in
911 1162 1065 1210 multis
1108 1162 1273 1209 falsam
1319 1161 1512 1225 linguae

46 1242 479 1307 contemplationem
514 1248 560 1289 et
594 1241 789 1307 pictam,
832 1247 882 1289 ut
927 1240 1118 1301 dicitur,
1163 1240 1512 1304 grammaticam

46 1321 232 1385 genuit3
267 1320 315 1368 in
361 1320 568 1368 ecclesia
614 1320 805 1386 primum
851 1318 1039 1368 traditio
1075 1337 1103 1367 a
1138 1335 1393 1384 synagoga
1428 1335 1512 1368 ac·-

49 1405 210 1464 cepta,
245 1398 292 1446 in
339 1415 427 1461 qua
473 1398 574 1446 sola
618 1397 868 1446 hebraicae
910 1398 1100 1461 linguae
1145 1398 1332 1459 notitia,
1377 1415 1512 1462 quam

47 1475 269 1524 doctores
306 1476 541 1525 ecclesiae
577 1475 823 1535 habebant,
850 1492 998 1539 usque
1018 1476 1078 1523 ad
1098 1477 1307 1525 seculum
1341 1476 1510 1525 XVII.

46 1554 202 1621 posita
248 1562 371 1614 erat3
419 1553 591 1602 deinde
638 1555 945 1620 comparatio,
992 1554 1183 1620 primum
1228 1553 1510 1616 harmonica,

47 1632 219 1682 deinde
276 1632 598 1699 etymologica
652 1640 699 1680 et
751 1632 1055 1682 dialectorum
1120 1640 1167 1681 et
1229 1640 1511 1693 exterarum,

48 1728 166 1776 quae
196 1712 412 1778 paulatim
434 1711 808 1771 innotescebant,
831 1712 1114 1775 linguarum,
1134 1697 1335 1775 denique
1356 1713 1512 1778 philo-

48 1790 217 1857 sophia
253 1790 357 1853 (cui
403 1790 567 1841 ‚schola
610 1790 850 1838 rationalis
895 1790 1107 1855 impense
1151 1791 1332 1852 favet),
1380 1806 1514 1854 qnae,

48 1875 210 1937 spreta
243 1869 505 1929 traditione,
541 1869 731 1917 minoris
769 1869 906 1917 etiam
941 1870 1066 1918 sacto
1103 1869 1250 1917 altero
1285 1869 1516 1935 principio

51 1947 390 2012 cognoscendi,
427 1947 634 1996 adhibito
669 1948 866 1996 rationis
888 1948 1058 1996 lumine
1083 1965 1297 1997 arcanam
1325 1948 1516 2013 linguae

51 2026 302 2075 hebraicae
337 2026 558 2074 fabricam
593 2027 834 2092 explicare
865 2034 1033 2075 conata
1069 2033 1157 2075 est.
1228 2028 1367 2076 Haec
1403 2028 1515 2076 sub-

52 2104 175 2155 sidia
221 2105 387 2153 schola
439 2104 738 2154 historice
793 2106 1107 2170 analytica,
1163 2122 1246 2172 pro
1301 2106 1516 2172 portione

50 2183 117 2233 ita
152 2184 410 2248 conjungit,
445 2190 496 2231 ut
529 2200 686 2232 earum
721 2184 1076 2233 necessitudine
1112 2200 1378 2233 consensus
1397 2201 1516 2233 con-

53 2269 312 2327 centusque
368 2262 596 2311 efficiatur
639 2262 699 2311 ad
738 2263 1008 2311 hebraicam
1056 2263 1261 2327 linguam
1310 2262 1516 2311 investi-

54 2341 255 2406 gandam
289 2342 705 2390 sructuosissimus.
776 2342 1154 2402 Historicam
1200 2358 1255 2390 se
1297 2342 1517 2403 nominat,

56 2420 163 2484 quia
206 2437 234 2468 a
268 2420 541 2482 traditione,
571 2421 765 2486 judaica
800 2421 1114 2488 potissimum,
1160 2437 1304 2484 quae,
1348 2421 1518 2468 multas

58 2514 137 2547 res
172 2499 275 2547 sola
308 2498 560 2549 recludens
600 2503 660 2564 ¹),
697 2500 1003 2550 monumentis
1022 2499 1320 2565 judaicarum
1354 2500 1518 2549 litera-

149 2692 189 2742 1)
220 2695 280 2731 Eo
310 2694 481 2742 pertinet
511 2696 689 2733 doctrina
718 2697 767 2733 de
796 2697 900 2733 notis
929 2695 1139 2745 vocalium,
1179 2696 1228 2733 de
1267 2694 1396 2745 signis
1427 2693 1520 2732 dia-

59 2759 212 2797 criticis
244 2764 283 2797 et
320 2762 368 2798 de
398 2765 626 2801 accentibus
666 2766 789 2815 (quae
827 2766 957 2802 omnia
994 2766 1151 2801 nomine
1189 2764 1393 2812 signorum
1430 2773 1522 2800 ma-

61 2829 320 2868 soreticorum
349 2833 610 2872 commentitio
632 2834 762 2874 solent
791 2832 1104 2882 comprehendi).
1160 2833 1273 2897 lianc
1293 2830 1521 2878 doctrinam,

1181 2883 1212 2926 ὃ
