1956 3270
1014 101 1314 147 „22-

436 217 640 285 aperuit,
683 221 732 266 et
774 215 926 280 qualia
967 222 1228 281 quantaque
1280 233 1345 266 ex
1386 217 1447 266 iis
1490 216 1538 265 in
1582 234 1715 266 usum
1758 234 1892 266 suum·
1954 243 1956 267 ι

435 303 717 348 convertere
777 301 967 361 posset,
1033 295 1367 359 quodammodo
1421 296 1584 345 sensit.
1675 294 1897 346 Studium.
1954 306 1956 326 ³

435 375 823 426 concertatorium
858 374 1103 423 luminibus
1139 376 1244 438 ejus
1289 375 1474 423 multum
1520 375 1698 434 offecit,
1743 375 1897 440 impe-·

433 454 539 503 ritia
582 453 770 518 linguae
812 452 1154 503 neohebraicae
1199 469 1342 519 saepe
1395 454 1748 518 intelligentiam
1784 456 1890 517 ejus

433 532 595 580 minuit
630 548 687 581 ac
722 532 941 598 corrupit,
978 531 1200 579 historiae
1222 539 1268 580 et
1288 532 1479 581 criticae
1502 531 1717 581 desectus
1753 533 1899 580 multa

432 611 671 660 incondita
706 610 978 676 progenuit,
1014 625 1070 659 ac
1116 616 1267 658 tamen
1315 611 1544 671 ecclesia,
1591 610 1727 659 modo
1772 610 1899 659 haec

433 689 588 738 studia
624 689 850 754 deinceps
896 689 1033 754 plane
1078 689 1344 738 intermissa
1378 690 1688 756 reputaveris,
1727 689 1892 753 singu-

431 768 547 816 laria
582 768 816 835 praestitit
851 774 1131 830 nostrosque
1169 768 1381 829 labores,
1426 769 1468 816 si
1514 769 1651 817 telam
1696 767 1892 816 inchoa-

436 853 530 895 tam
584 848 664 895 vel
715 852 936 895 retexere
980 846 1060 894 vel
1105 853 1358 911 pertexere
1401 847 1626 906 velimus,
1674 845 1893 912 operibus

432 926 608 989 aliquot
642 925 869 989 egregiis,
906 925 1036 973 velut
1072 925 1408 986 Buxtorfianis,
1444 925 1627 989 adjuvit
1662 940 1719 973 ac
1753 940 1893 991 prae-
1955 945 1956 952 ¹

432 1005 630 1070 paravit.
710 1003 795 1051 Ad
843 1003 1050 1051 altiorem
1098 1020 1214 1052 sane
1257 1004 1450 1068 gradum
1503 1003 1710 1052 ecclesia
1756 1002 1893 1050 etiam

431 1083 523 1131 hac
558 1088 714 1130 aetate
752 1082 982 1140 ascendit,
1020 1088 1066 1129 et
1101 1082 1309 1130 altiorem
1355 1083 1493 1131 etiam
1539 1081 1894 1144 insequentibus

431 1161 663 1210 aetatibus
699 1160 932 1223 attingere
967 1167 1163 1226 poterat,
1199 1162 1292 1209 nisi
1322 1161 1556 1226 judaicam
1586 1159 1894 1219 traditionem,
1955 1200 1956 1203 ,

432 1240 510 1303 qui
573 1245 673 1288 erat
735 1240 867 1287 solus
922 1246 1031 1305 post
1080 1240 1451 1288 reformationem
1494 1240 1601 1287 sons
1645 1237 1895 1286 hebraicae

430 1319 621 1382 linguae
657 1316 969 1376 ediscendae,
1015 1318 1208 1367 invento
1266 1319 1358 1367 alio
1410 1318 1563 1378 fonte,
1618 1315 1756 1364 modo
1810 1332 1896 1365 ne-

431 1397 684 1462 glexisset,
721 1395 858 1444 modo
893 1396 1161 1460 reJecisset.
1955 1458 1956 1462 Ἰ

534 1476 663 1524 Nam
710 1475 963 1524 inclinante
1008 1476 1170 1524 seculo
1214 1475 1358 1524 XVI.
1407 1491 1516 1524 orsa
1567 1479 1642 1523 est
1695 1479 1896 1538 quarta
1955 1505 1956 1536 ἦ

433 1554 692 1603 studiorum
726 1553 1048 1602 hebraicorum
1094 1560 1250 1614 aetas,
1288 1571 1376 1618 qua
1421 1553 1609 1602 dialecti
1655 1553 1896 1601 semiticae

432 1640 482 1682 et
553 1649 670 1700 quae
724 1638 969 1698 praeterea
1021 1633 1282 1697 linguarum
1340 1632 1629 1681 orientalium
1680 1647 1898 1679 romanae

433 1712 670 1762 ecclesiae
706 1710 1006 1759 missionibus
1041 1711 1351 1770 innotuerant,
1389 1710 1555 1759 sedulo
1581 1708 1897 1775 pervestigari
1954 1758 1956 1762 Α

432 1797 504 1851 et,
553 1796 604 1838 ut
641 1792 740 1854 jam
785 1795 923 1837 antea
967 1805 1143 1854 graeca
1189 1796 1236 1837 et
1280 1789 1447 1850 latina,
1494 1805 1595 1839 cum
1632 1788 1897 1836 hebraismo

432 1868 647 1934 componi
683 1873 960 1933 coeperunt3
1007 1867 1057 1915 id
1102 1868 1224 1932 quod
1271 1868 1411 1916 multa
1456 1867 1688 1926 doctrina,
1733 1866 1899 1930 majori

433 1948 572 1997 etiam
606 1946 835 1995 industria
869 1947 1041 1995 factum
1087 1953 1161 1995 est
1205 1947 1254 1994 in
1299 1947 1460 1996 lexico
1518 1947 1568 1994 V.
1624 1944 1903 1994 Sclzindleri

433 2026 726 2092 pentaglotto
774 2025 985 2087 (1612),
1031 2025 1079 2073 in
1123 2025 1281 2074 lexico
1316 2025 1400 2073 Jo.
1436 2023 1755 2073 Fr.Ne'colai
1788 2024 1898 2072 har-

433 2105 616 2153 monico
666 2103 1120 2170 (1670),111Ρ1·111115
1165 2104 1214 2152 in
1263 2103 1421 2152 lexico
1488 2102 1635 2150 Edm.
1698 2101 1903 2152 Castelli

432 2182 727 2249 heptaglotto
765 2182 969 2245 (1669),
1004 2182 1250 2246 multisque
1285 2182 1332 2230 in
1369 2181 1686 2246 grammaticis
1710 2181 1898 2231 harmo-

433 2261 571 2322 nicis,
592 2262 637 2310 in
663 2261 828 2326 quibus
864 2261 1079 2310 dialectis
1111 2261 1337 2310 semiticis
1373 2261 1454 2308 vel
1488 2260 1679 2324 linguae
1715 2261 1900 2325 origine
1955 2325 1956 2330 ¹

433 2341 573 2407 plane
608 2339 845 2400 diversae,
881 2341 949 2389 uti
983 2339 1244 2407 persica,
1281 2338 1475 2403 adjungi
1496 2340 1724 2387 solebant.
1761 2341 1900 2389 Haec
1955 2353 1956 2357 ’

434 2435 553 2468 vero
589 2418 874 2485 comparatio
914 2418 1138 2483 judaicae
1183 2417 1449 2465 traditionis
1493 2419 1761 2482 neglectum
1807 2434 1899 2467 ex-
1954 2407 1956 2441 3

435 2497 614 2547 sarcire
648 2513 741 2546 non
776 2503 981 2562 poterat,
1027 2497 1303 2562 praesertim
1351 2511 1453 2545 cum
1490 2505 1687 2544 externa
1722 2498 1899 2546 solum·
1954 2547 1956 2550 Α

436 2576 575 2626 modo
630 2580 784 2636 esset,
837 2575 1124 2639 conjecturis
1179 2591 1243 2624 ex
1298 2591 1515 2624 sonorum
1562 2575 1898 2639 formarumque
1954 2619 1956 2623 ,

437 2655 717 2719 aequalitate
751 2654 830 2702 vel
867 2653 1257 2718 significationum
1279 2653 1579 2703 similitudine
1601 2654 1762 2702 innixa
1792 2655 1897 2702 nul-
1952 2660 1956 2665 '

435 2733 601 2798 lasque
636 2733 698 2782 ad
731 2733 868 2797 leges
904 2731 1096 2782 directa.
1166 2733 1347 2781 Verum
1382 2738 1533 2782 tamen
1566 2733 1771 2782 ecclesia
1806 2733 1898 2783 hoc
1952 2749 1954 2754 ·

439 2811 632 2879 primum
650 2818 859 2880 tempore
877 2811 1127 2875 intellexit,
1154 2807 1409 2878 linguarum
1430 2812 1738 2862 semiticarum
1768 2827 1897 2863 com-
1952 2817 1954 2819 ’
