1956 3270
1003 91 1297 136 ...24—

422 210 474 265 'id
519 211 642 278 quod
685 209 796 260 inde
847 209 1119 277 perspicere
1171 213 1330 274 poteS,
1385 206 1531 273 quod,
1585 206 1661 271 qui
1711 222 1884 257 recens
1939 237 1944 256 ι.

426 291 771 343 Grammaticae
805 289 1055 339 hebraicae
1088 286 1333 335 historia-m
1366 286 1756 354 perscripserunt,
1779 287 1884 335 nul-

424 372 518 420 lum
561 370 621 418 de
666 368 868 418 Judaeis
924 366 1268 432 grannnaticum
1313 382 1373 414 ne
1420 365 1656 413 nominare
1702 365 1884 428 quidem
1942 370 1944 378 ‘

426 454 676 516 potuerunt
710 446 1019 496 recentiorem
1053 445 1147 493 isto
1184 443 1304 493 Elia
1339 444 1544 503 Levita,
1593 446 1727 507 cujus
1763 442 1886 491 Ma-

428 533 564 576 soret
599 526 920 575 lea-Masoret
964 524 1216 573 vernacule
1264 540 1565 580 conversum,
1613 521 1699 569 sed
1746 521 1886 570 foede
1944 518 1947 562 ἒ

427 605 653 655 videlicet
687 605 993 670 turpificatum
1029 601 1175 650 edidit
1195 600 1379 664 (1772)
1402 601 1483 649 Jo.
1508 600 1707 649 Scclomo
1743 599 1886 649 Sem-

428 686 581 743 lerus,
617 684 777 732 rabula
811 683 1022 749 profecto
1058 680 1342 729 levissimus.
1415 680 1537 739 Quid
1573 678 1696 743 quod
1734 678 1886 727 exsti-
1933 707 1935 709 -

428 769 583 811 terunt
648 762 809 822 etiam,
858 760 959 824 qui,
1013 758 1255 825 repudiata
1320 759 1511 824 insuper
1585 757 1887 806 dialectorum

428 841 791 904 versionumque
826 839 1111 902 antiquarum
1147 837 1410 896 collatione,
1447 837 1651 900 linguam
1681 843 1888 884 sanctam
1947 846 1951 851 '

428 927 604 968 tantum
647 919 769 967 lucis
812 917 860 965 in
907 924 1054 965 semet
1095 917 1201 982 ipsa
1244 915 1485 965 continere
1531 921 1803 972 censerem,
1838 919 1889 961 ut

431 998 603 1047 lumine
639 996 825 1045 aliunde
860 995 1045 1044 admoto
1092 997 1365 1043 obscuretur
1410 993 1561 1056 magis
1606 1008 1738 1055 quam
1782 992 1890 1039 illu-

430 1083 618 1134 stretur,
654 1076 702 1123 in
737 1075 812 1125 his
848 1075 962 1123 Jac.
1002 1073 1260 1122 Gussetius
1298 1077 1381 1134 [m.
1402 1072 1588 1131 1704),
1626 1070 1715 1133 qui,
1752 1078 1890 1118 vete-
1953 1102 1956 1132 ÷

431 1171 528 1203 rem
562 1154 873 1203 hebraismum
909 1170 974 1202 ex
1009 1153 1111 1201 sola
1158 1153 1365 1200 locorum
1423 1151 1692 1199 biblicorum
1746 1148 1892 1196 colla·

430 1233 559 1281 tione
611 1249 670 1281 ac
723 1231 936 1280 studiosa
978 1230 1224 1294 analogiae
1269 1229 1517 1278 hebraicae
1562 1227 1892 1277 observatione

431 1311 662 1378 explicari
708 1327 856 1376 posse
899 1316 1052 1368 ratus,
1096 1316 1246 1359 semet
1291 1309 1441 1374 ipsum
1487 1306 1694 1372 decepit;
1745 1305 1892 1370 Casp.

430 1389 761 1440 Neumcmnus
798 1393 881 1451 [m.
919 1389 1080 1451 1715)
1113 1395 1158 1436 et
1190 1387 1292 1435 Val.
1316 1385 1625 1434 Loescherus
1647 1385 1746 1446 (De
1782 1400 1896 1433 cau·
1952 1418 1954 1424 ι

406 1469 503 1517 ¹·sis
538 1468 758 1532 Linguae
804 1468 1054 1516 Hebraeae
1097 1465 1285 1527 1706),
1333 1480 1521 1528 quorum
1565 1463 1645 1511 ille
1691 1462 1895 1527 singulis

432 1548 582 1596 literis
648 1546 1040 1611 significationem
1107 1543 1333 1608 quandam
1395 1541 1802 1607 hieroglyphicam
1855 1558 1895 1590 s.

433 1626 766 1692 symbolicam,
811 1625 890 1673 hic
942 1624 1155 1673 valorem
1204 1620 1429 1686 quendam
1477 1621 1680 1684 logicum
1714 1620 1897 1670 tribuit.

433 1704 765 1765 Conclamant,
804 1703 1026 1769 stirpibus
1070 1702 1258 1765 linguae
1300 1699 1509 1747 triliteris
1556 1700 1755 1747 subesse
1809 1717 1899 1747 ra-

432 1782 604 1832 dices
641 1783 919 1831 biliteras
952 1784 996 1842 ¹)
1015 1785 1156 1844 [quas
1183 1779 1494 1827 Neumannus
1517 1777 1897 1826 characteres

435 1860 946 1925 significationiS,
978 1858 1284 1907 Loescherus
1321 1856 1540 1905 semina
1573 1873 1776 1906 vocum
1813 1874 1899 1922 ap-

433 1941 622 2007 pellat),
660 1955 905 2003 earumque
942 1937 1331 2002 significationem
1368 1951 1429 1984 ex
1466 1935 1517 1982 vi
1551 1934 1756 1984 binarum
1791 1935 1900 1983 lite-

434 2035 586 2067 rarum
620 2018 830 2082 ingenita
866 2033 977 2066 esse
1013 2022 1231 2065 coortam.
1303 2015 1440 2062 Haec
1476 2013 1760 2079 hypothesis
1794 2020 1900 2061 tan-

435 2104 599 2164 topere
634 2097 823 2163 placuit,
859 2101 909 2144 ut
944 2093 1260 2144 commentarii
1297 2092 1357 2140 ad
1392 2093 1537 2141 libros
1563 2099 1754 2141 sanctos
1790 2108 1901 2159 per-

435 2176 565 2244 petui
601 2182 805 2233 exstent,
843 2175 890 2223 in
925 2173 1090 2237 quibus
1129 2171 1439 2220 difficiliorum
1469 2171 1801 2219 vocabulorum
1831 2174 1902 2218 si-

435 2254 695 2319 gnificatio,
733 2253 1021 2318 singularum
1057 2251 1290 2299 literarum
1322 2250 1634 2315 potestatibus
1671 2249 1804 2313 quasi
1841 2248 1901 2298 ad

435 2350 571 2380 unam
607 2350 826 2381 summam
862 2331 1038 2389 relatis,
1069 2327 1352 2395 perridicule
1386 2328 1574 2376 eruitur.
1645 2328 1717 2376 At
1751 2343 1902 2376 vene-

437 2411 599 2460 rabilis
635 2418 709 2460 est
743 2410 906 2458 horum
941 2409 1144 2456 virorum
1181 2422 1324 2464 error,
1362 2414 1408 2454 et
1441 2406 1563 2470 quod
1599 2423 1662 2455 ex
1698 2422 1900 2454 venera-

436 2489 566 2538 tione
601 2489 862 2555 scripturae
896 2485 1115 2544 manavit,
1153 2492 1199 2533 et
1236 2485 1342 2548 quia
1377 2484 1764 2550 comparationem
1809 2484 1901 2532 lin-

437 2584 561 2633 guae
597 2584 700 2618 cum
737 2572 885 2617 semet
917 2565 1046 2632 ipsa,
1085 2563 1209 2629 quod
1265 2563 1640 2613 efficacissimum
1685 2565 1791 2628 ejus
1825 2562 1901 2610 in-

528 2751 569 2801 1]
599 2754 693 2791 Vid.
722 2754 787 2791 Jo.
816 2753 1103 2802 Enyestroem,
1133 2753 1348 2789 Tentamen
1380 2749 1571 2798 graduale
1607 2748 1655 2785 de
1692 2747 1900 2786 Hebraeo-

443 2831 528 2860 rum
560 2820 770 2868 primitivis
800 2821 986 2871 biliteris,
1015 2819 1186 2859 Londini
1215 2818 1360 2858 scand.
1393 2816 1517 2856 1738.
1548 2814 1588 2854 4.
