1934 3259
567 660 1054 696 INDEX.

55 1068 82 1105 I.
113 1068 172 1105 De
192 1068 430 1106 psalmorum
451 1069 578 1106 indole
596 1071 737 1118 partim
757 1069 939 1119 jehovica
957 1071 1097 1118 partim
1118 1069 1321 1106 elohimica
1346 1069 1567 1114 pag.1—32.

191 1149 280 1186 Cap.
308 1150 337 1177 1.
385 1149 435 1178 De
451 1148 624 1178 nominum
640 1153 719 1177 ffiffi'*
742 1151 775 1178 et
791 1142 893 1179 1:2³3&
909 1149 1045 1178 diverso
1060 1148 1093 1177 in
1110 1148 1250 1177 Psalmis
1265 1157 1339 1182 usu,

359 1225 425 1253 quo
441 1216 593 1246 bifariam
608 1216 853 1254 dispertiuntur
914 1237 1319 1245 ........
1370 1235 1383 1238 -
1434 1216 1450 1243 1
1462 1231 1502 1236 -
1513 1215 1565 1242 11.

191 1286 283 1322 Cap.
309 1286 339 1313 2.
388 1285 437 1313 De
454 1284 575 1314 ceteris
590 1284 653 1314 Dei
671 1284 874 1323 nominibus,
896 1294 1037 1321 quorum
1055 1294 1115 1313 usu
1129 1284 1252 1314 Psalmi
1268 1284 1341 1313 elo-

359 1351 472 1381 himici
487 1361 506 1381 a
521 1352 690 1390 jehovicis
706 1352 865 1382 differunt
917 1373 1322 1384 ........
1373 1370 1386 1373 -
1413 1352 1503 1379 12-
1514 1351 1568 1379 16.

191 1421 241 1449 Ca
252 1430 281 1457 p.
308 1420 338 1449 3.
386 1420 436 1449 De
452 1420 607 1449 Psalterii
621 1419 655 1449 in
671 1420 821 1449 Psalmos
832 1420 1013 1458 jehovicos
1030 1422 1062 1449 et
1077 1419 1277 1450 elohimieos
1292 1419 1342 1448 di-

361 1488 424 1517 visi
439 1487 612 1525 paullatim
628 1490 703 1517 orta
718 1488 923 1518 collectione
971 1509 1321 1517 .......
1372 1506 1385 1509 -
1412 1488 1452 1515 17
1463 1503 1503 1508 ——
1514 1488 1566 1515 22.

192 1557 282 1593 Cap.
309 1558 339 1585 4.
389 1557 438 1585 De
459 1565 560 1585 causa
580 1558 679 1593 atque
702 1556 835 1595 origine
851 1556 993 1594 duplicis
1010 1555 1205 1593 (jehovieae
1221 1558 1254 1584 et
1270 1555 1343 1584 elo-

360 1623 517 1662 himicae)
532 1624 742 1653 Psalmorum
758 1624 881 1653 indolis
915 1645 1323 1654 ........
1374 1642 1388 1646 -
1415 1624 1503 1652 23-
1516 1623 1568 1652 32.

56 1690 102 1728 ll.
133 1690 192 1728 De
209 1692 342 1728 ordine
362 1691 600 1729 Psalmorum
622 1695 780 1741 ejusque
801 1694 926 1729 causis
945 1706 988 1728 ac
1010 1692 1158 1743 legibus
1207 1719 1213 1725 .
1264 1719 1270 1725 .
1321 1720 1326 1725 .
1375 1715 1392 1720 -
1417 1693 1567 1727 33—72.

192 1772 282 1808 Cap.
310 1772 339 1799 1.
389 1771 439 1800 De
467 1770 541 1809 lege
571 1779 698 1800 summa
717 1770 896 1809 analogiae
922 1771 956 1799 in
985 1770 1182 1800 ordinandis
1205 1770 1344 1799 Psalmis

360 1841 540 1869 observata
578 1859 1322 1868 ..............
1374 1858 1387 1860 -
1416 1839 1568 1868 35—44.

193 1908 282 1944 Cap.
310 1907 339 1936 2.
388 1907 438 1936 De
453 1906 595 1945 singulis
610 1906 748 1936 Psalmis
766 1907 949 1936 secundnm
967 1907 1076 1945 legem
1092 1906 1272 1944 analogiae
1292 1906 1343 1935 in-

362 1977 412 2004 ter
433 1984 469 2004 se
490 1975 656 2004 connexis
677 1977 709 2004 et
737 1976 956 2005 consectariis
982 1975 1112 2012 aliquot
1137 1984 1177 2004 ex
1206 1974 1344 2003 inventa

364 2043 437 2081 lege
454 2042 654 2081 colligendis
690 2064 1324 2073 ............
1376 2062 1389 2065 -
1415 2044 1506 2071 45-—
1518 2044 1570 2072 72.
