1934 3259
572 113 902 158 --197ᾖ

15 230 185 297 gignit,
228 243 345 292 quae
387 233 542 293 partes
578 228 862 293 compositas
898 228 1133 277 contineat
1175 244 1232 278 ac
1275 235 1464 277 susten-

15 316 91 359 tet.
171 304 631 357 Commemorandum
685 313 780 365 est,
837 306 1464 374 lQrs

15 386 403 436 nominalibus
445 390 603 450 partes
639 385 863 433 orationis
895 385 1043 446 forma
1076 386 1465 452 simplicissi-

15 483 115 524 ma,
161 482 248 532 qua
293 470 508 532 separate
551 479 644 511 non
678 463 982 524 usuveniunt,
1033 465 1279 525 collocari3
1324 466 1465 514 multa

13 544 146 593 etiam
180 543 363 591 nomina
396 542 734 605 nonnullasque
764 543 1018 608 particulas
1048 559 1175 592 more
1197 544 1313 592 alias
1332 544 1465 593 inso-

12 623 90 671 lito
112 621 385 670 abbreviari.
428 621 771 669 Necessarium
799 627 873 670 est
890 638 1005 671 vero
1028 622 1089 671 ad
1108 623 1296 687 linguas
1325 639 1464 671 sans-

13 701 151 750 critas
187 706 235 748 et
267 699 504 748 semiticas
540 706 669 749 recte
704 701 1062 766 comparandas,
1108 707 1158 749 ut
1201 701 1465 750 facultatem

13 778 340 845 componendi,
385 779 534 842 qualis
579 779 627 827 in
661 779 870 843 utrisque
905 785 1002 840 est,
1050 779 1303 844 diligenter
1337 795 1493 830 com-.

11 873 180 922 penses
225 863 272 906 et
316 857 540 918 virtutes,
586 874 703 922 quae
747 864 855 905 sunt
895 858 975 906 vel
1009 865 1303 922 utrarumque
1336 874 1465 907 com-

10 952 168 984 munes
210 936 290 985 vel
333 937 597 985 alterutrius
641 937 929 1003 peculiares,
984 953 1076 985 non
1120 953 1185 986 ex
1231 937 1463 1003 opinione,

10 1015 95 1065 sed
129 1031 193 1064 ex
226 1016 427 1065 veritate
460 1016 696 1065 aestimes.

102 1095 305 1143 Primum
324 1095 467 1160 igitur
486 1095 621 1155 scito,
645 1101 812 1154 SELOEHI
834 1100 1148 1144 constructum
1167 1095 1357 1160 linguae
1379 1093 1483 1177 [ις-ἱ
1528 1127 1560 1161 ⁴:

10 1173 190 1224 braicae
220 1190 369 1222 strenus
405 1190 503 1223 com
541 1174 756 1223 ositionis
786 1190 898 1223 esse
927 1190 1088 1223 omnes
1122 1192 1137 1202 r
1231 1174 1245 1221 i
1279 1191 1303 1221 s
1335 1190 1482 1231 com-3

7 1252 253 1323 positionis
289 1253 549 1301 sanseritae
586 1253 902 1319 complectens
938 1253 1171 1317 hujusque
1211 1252 1362 1319 ipsius
1397 1238 1485 1313 si-1³

7 1331 250 1379 millimum.
329 1331 720 1389 Quemadmodum
765 1332 886 1380 enim
938 1332 985 1379 in
1028 1332 1189 1396 lingua
1232 1331 1483 1385 sanscrital

7 1411 208 1458 membra
242 1410 592 1475 compositionis
628 1410 783 1476 priora
816 1427 964 1474 usque
994 1410 1054 1458 ad
1080 1418 1343 1467 extremum
1366 1411 1464 1458 for-

8 1504 105 1556 mas
149 1487 409 1555 breviores
437 1504 495 1537 ac
528 1489 628 1536 fere
674 1489 915 1554 primarias
958 1495 1340 1554 repraesentant,
1390 1457 1484 1544 sici

5 1550 306 1616 iffhebfflico
353 1582 533 1630 quoque
580 1567 901 1616 constructivo
947 1567 1177 1615 vocabula
1210 1567 1365 1632 priora
1399 1567 1464 1615 ita

7 1645 266 1695 abbreviari
300 1645 466 1703 solent,
503 1652 551 1693 ut
574 1645 634 1693 ad
654 1646 827 1694 radIcis
860 1645 1068 1711 speciem
1097 1646 1463 1711 quamproxime

7 1723 243 1773 accedant.
315 1723 371 1771 Id
392 1724 515 1788 quod
537 1725 799 1773 clarissime
829 1724 1108 1790 perspicitur
1133 1724 1180 1771 in
1202 1724 1461 1773 nominibus

7 1794 199 1867 aliisque
244 1803 468 1851 orationis
515 1804 723 1870 partibus
770 1820 872 1853 cum
916 1803 1171 1851 suffixis
1206 1773 1486 1869 pronomd

3 1883 191 1948 junctis,
221 1898 339 1945 quae
369 1883 568 1946 quidem,
604 1883 697 1932 hoc
726 1882 862 1932 modo
893 1888 1109 1947 correpta
1139 1887 1186 1930 et
1223 1867 1499 1932 extrinse-'1

11 1978 91 2012 cus
134 1961 354 2022 adaucta,
401 1962 460 2010 ad
505 1962 678 2010 formas
722 1962 928 2027 ipsorum
972 1960 1156 2026 priscas
1202 1965 1250 2008 et
1298 1961 1461 2026 partim

11 2042 220 2090 exoletas
257 2041 390 2105 quasi
424 2041 660 2105 refugiunt
699 2072 755 2078 -
794 2056 946 2104 genus
983 2038 1337 2104 compositionis
1381 2041 1461 2089 vel

8 2120 156 2186 potius
213 2120 527 2168 concretionis
577 2120 787 2177 intimae,
840 2117 963 2182 quod
1015 2118 1177 2182 lingua
1230 2119 1461 2168 sanserita

9 2215 193 2265 prorsus
237 2198 446 2262 ignorat,
492 2199 584 2246 etsi
628 2197 899 2264 pronomina
940 2196 1207 2263 personalia
1252 2203 1300 2245 et
1345 2214 1465 2264 pos-

9 2278 206 2338 sessiva,
242 2294 360 2342 quae
395 2277 554 2327 verbis
590 2284 637 2326 et
672 2277 931 2325 nominibus
969 2275 1195 2324 semiticis
1231 2275 1341 2323 addi
1377 2293 1460 2325 so-

3 2356 121 2416 lent,
167 2374 232 2406 ex
265 2356 499 2405 radicibus
535 2355 843 2405 sanscritismi
887 2362 934 2404 et
977 2354 1218 2403 semitismi
1253 2370 1483 2412 commu-¹

10 2436 137 2484 nibus
158 2437 271 2485 mire
300 2436 542 2485 decurtata
570 2442 690 2484 sunt.
740 2434 842 2483 Sed
859 2435 997 2483 etiam
1027 2434 1375 2484 constructivus
1395 2434 1454 2498 is,
1484 2422 1485 2426 Ἰ

10 2529 94 2578 quo
130 2515 360 2581 copulatio
380 2514 571 2563 dividua
605 2529 662 2562 ac
696 2513 883 2562 liberior
916 2512 1130 2573 efficitur,
1165 2513 1458 2577 quantumvis

10 2608 97 2642 non
130 2594 235 2661 ipsa
270 2593 522 2659 scriptione
566 2609 669 2642 cum
702 2592 918 2641 membris
953 2591 1304 2658 compositionis
1340 2606 1458 2640 con-

11 2673 303 2735 sequentibus
331 2675 549 2736 junctus,
601 2673 774 2720 formas
809 2677 959 2719 tamen
996 2670 1325 2736 simpliciores,
1369 2686 1458 2718 vo-

12 2750 184 2798 calismi
233 2750 457 2817 plenioris
508 2757 555 2799 et
597 2766 904 2799 consonarum
946 2747 1298 2797 accidentalium
1342 2765 1457 2812 qua-

12 2827 52 2875 si
90 2829 257 2879 amictu
297 2835 466 2879 exutas
502 2828 717 2878 ostendit.
786 2827 1114 2893 Corripiuntur
1149 2827 1271 2876 enim
1306 2833 1354 2876 et
1389 2826 1456 2873 si-
