1934 3259
628 90 930 134 -15—

46 213 254 262 bertas
293 206 663 264 cominatus,
700 204 777 268 qui
819 221 848 252 a
883 205 1229 268 quatuordecim
1250 205 1510 272 linguarum

45 306 134 339 usu
169 287 444 337 celebratur.
490 283 754 332 Fatendum
790 290 865 332 est
894 291 1062 345 tamen,
1099 285 1400 335 Christianos
1422 285 1514 333 hac

47 374 201 418 aetate
237 365 449 416 certandi
483 362 861 426 defendendique
896 363 1095 411 utilitate
1135 363 1390 412 studiorum
1425 364 1514 411 lle-

46 448 304 499 braicorum
359 441 689 493 terminavisse
740 440 937 490 modum.
1016 440 1184 489 Omnia
1233 443 1314 490 illa
1358 442 1517 491 studia

49 533 182 577 erant
216 522 541 582 tantummodo⁷
580 527 628 568 ut
662 521 728 570 ita
764 521 931 580 dicam,
967 520 1255 568 militaria
1288 520 1335 568 h.
1369 537 1411 570 e.
1441 521 1518 570 in-

49 605 318 655 serviebant
353 598 678 651 defendendae
715 605 762 648 et
796 598 1130 666 propagandae
1152 599 1403 659 ecclesiae,
1439 617 1519 648 ra·-

49 699 193 747 roque
244 683 404 746 lingua
454 679 675 729 hebraica
729 679 812 727 vel
865 679 1032 727 suimet
1074 677 1224 744 ipsius
1261 693 1404 726 causa
1438 677 1520 726 vel

50 761 111 809 ad
155 760 430 827 scripturam
476 775 658 808 sacram
692 756 1012 806 illustrandam
1047 757 1343 805 tractabatur.
1415 755 1521 821 Sy-

48 856 239 904 nagoga
274 845 426 888 autem
461 844 571 904 post
606 836 861 902 Origenem
894 843 943 885 et
976 836 1315 901 Hieronymum
1351 834 1520 898 exqui-

50 919 276 968 sitissima
320 917 532 966 doctrina
576 922 623 965 et
658 915 855 964 mirabili
890 914 1120 963 industria
1153 916 1201 963 in
1236 915 1398 980 lingua
1433 931 1521 963 sua.

49 996 417 1063 pervestiganda
451 995 712 1045 elaboravit
746 1000 1010 1059 tantamque
1044 994 1327 1043 voluminum
1362 1010 1522 1059 gram-

49 1076 318 1124 maticorum
362 1075 543 1141 copiam
591 1075 775 1134 effudit,
811 1080 861 1123 ut
896 1073 1134 1123 ecclesiae
1171 1074 1371 1123 omnium
1409 1073 1523 1121 sub-

50 1152 297 1215 Sidiorum,
344 1170 462 1218 quae
502 1153 824 1213 desideraret,
859 1151 1181 1201 abundantiam
1219 1151 1524 1219 suppeditare

49 1240 229 1299 posset.
276 1234 486 1282 Veteres
523 1232 854 1297 grammaticae
891 1231 1171 1298 disciplinae
1191 1240 1410 1281 auctores
1433 1247 1524 1280 ex-

52 1312 177 1378 cepit
212 1319 288 1361 sat
321 1329 489 1376 magna
524 1312 758 1361 hominum
793 1311 1094 1375 egregiorum
1129 1310 1399 1370 multitudo,
1446 1309 1524 1373 qui

53 1390 179 1454 quod
229 1390 430 1439 maiores
477 1392 717 1457 praeclare
767 1391 1128 1449 inchoaverant,
1183 1390 1244 1438 ad
1296 1388 1526 1457 principia

54 1468 252 1517 scholae
288 1485 375 1517 seu
410 1469 764 1536 hispanicae
792 1486 877 1518 seu
902 1469 1156 1519 italicae
1188 1470 1526 1536 amplificarunt

52 1547 301 1610 multisque
334 1548 542 1613 partibus
579 1549 905 1614 expleverunt.
976 1548 1060 1596 Ad
1096 1564 1239 1614 opera
1263 1546 1528 1597 vetustiora

51 1632 358 1675 accesserant
392 1625 483 1674 hac
505 1633 659 1675 aetate
681 1627 839 1675 lexica
862 1627 1072 1689 [nomine
1093 1627 1321 1676 communi
1341 1625 1526 1674 Mach-

51 1705 202 1764 beret,
224 1704 372 1753 Aruk
405 1722 446 1753 s.
466 1704 617 1770 Sefer
634 1704 923 1754 Skomsleim
941 1710 1230 1770 nuncupata)
1253 1705 1365 1754 Sal
1372 1722 1400 1754 ο
1413 1721 1457 1751 m
1470 1719 1528 1753 0-

52 1784 147 1831 m‘s
181 1782 472 1832 Parclcon
507 1788 599 1847 (ex
633 1786 747 1833 urbe
781 1784 1008 1832 maritima
1043 1784 1186 1832 Bibili
1212 1785 1362 1833 Nova
1396 1784 1442 1831 h.
1482 1800 1526 1833 e.

56 1860 360 1925 Calatayud,
402 1878 495 1911 scr.
534 1862 723 1912 Salerni
758 1862 916 1923 1161,
962 1861 1085 1912 Cod.
1130 1862 1190 1911 de
1225 1863 1376 1912 Rossi
1411 1862 1527 1911 764.

54 1939 249 2003 1038),
281 1940 524 1989 Natani
558 1942 784 1991 Ielez‘e'le‘
808 1941 1035 2001 Romani,
1068 1940 1329 1990 Davidis
1366 1942 1528 2001 Qim-

54 2019 203 2078 chz‘z',
249 2017 456 2085 Josefi
500 2018 694 2084 Caspe
739 2024 816 2083 [c.
865 2019 1058 2083 1300),
1107 2020 1185 2084 qui
1229 2021 1399 2069 nullam
1445 2037 1528 2070 se-

55 2097 243 2146 mitismi
285 2097 533 2147 dialectum
578 2116 671 2148 non
724 2105 1090 2165 usurpaverunt,
1142 2100 1380 2163 glossaria
1422 2099 1528 2148 he-

56 2176 551 2238 braeo-arabica,
589 2178 1192 2242 heb1·ae0-gallica¹]‚
1230 2178 1529 2228 hebraeo-

57 2257 399 2320 germanica
434 2263 489 2306 et
523 2257 1043 2307 hebraeo-italica
1068 2257 1232 2306 ordine
1257 2258 1334 2306 vel
1362 2258 1530 2324 alpha-

56 2334 188 2400 pheti
221 2336 301 2384 vel
329 2336 545 2386 librorum
571 2353 810 2386 sacrorum
837 2336 1083 2403 disposita,
1112 2342 1160 2385 et
1181 2337 1529 2401 grammaticam

59 2419 244 2479 praeter
277 2414 367 2464 hos
403 2415 700 2482 sempiternis
735 2416 1044 2465 monumentis
1079 2414 1382 2483 prodiderant
1408 2416 1529 2465 Sa-

61 2495 221 2541 muel
260 2492 641 2546 Benvenastz‘
674 2499 742 2558 (c.
778 2494 964 2558 1300),
1010 2495 1272 2560 Peripol
1307 2495 1527 2544 Durcm

62 2565 290 2635 Efodi,
344 2572 627 2624 Imanuel
678 2574 878 2635 Romi,
935 2573 1185 2625 Salomo
1239 2575 1529 2626 ben-Aba

180 2754 222 2804 ¹)
253 2757 458 2807 Poeocke,
494 2760 615 2798 Porta
649 2759 779 2799 Mosis
817 2771 855 2809 p.
886 2758 952 2796 18.
991 2759 1089 2799 Cod.
1132 2760 1244 2800 Paul.
1286 2759 1398 2808 Lips.
1430 2756 1527 2798 102.

65 2820 135 2858 fol,
163 2823 280 2861 Ross.
311 2823 437 2865 1109.
