1956 3270
966 128 1266 172 -10-

388 246 498 296 dum
530 245 696 294 Juda
730 244 1111 303 ben-Qarish
1145 242 1403 292 Africanus
1439 243 1508 303 (c.
1529 238 1654 301 880)
1691 238 1847 289 studia

389 325 662 390 targumica,
692 340 812 388 quae
832 324 1019 373 arabica
1040 323 1199 387 lingua
1214 322 1606 388 percrebescente
1625 319 1849 384 obtorpu-

388 411 537 465 erant,
573 403 890 452 exsuscitarat
911 408 958 451 et
979 402 1169 465 linguae
1191 408 1284 449 tum
1304 398 1563 447 aramaicae
1581 405 1674 447 tum
1696 397 1850 446 arabi-

389 499 477 533 cae
521 482 582 530 ad
627 481 892 530 hebraicam
925 479 1238 544 indagandam
1281 496 1412 527 usum
1447 476 1676 542 exemplis
1710 476 1851 539 inge-⁹

388 562 527 611 niose
569 560 768 609 delectis
812 559 1227 608 demonstraverat.
1306 558 1453 617 Quam
1493 555 1671 623 pridem
1706 555 1853 621 opera.

391 639 667 689 Saadiae
709 639 766 686 F
771 656 802 686 (ι
801 638 1106 702 jumensz‘s
1153 641 1309 699 [mort.
1355 637 1479 699 942)
1532 633 1744 683 doctrina
1789 632 1851 681 de

390 719 588 784 etymis,
633 717 794 766 formis
841 733 897 766 ac
942 716 1130 783 piulctis
1173 716 1364 780 linguae
1409 720 1602 764 sanctae
1638 712 1769 762 libris
1804 715 1852 759 et

390 798 613 848 hebraice
649 802 697 846 et
731 796 917 845 arabice
953 795 1143 862 scriptis
1176 795 1420 855 illustrata,
1455 800 1594 858 atque
1627 790 1689 840 ad
1706 791 1853 839 libros

396 950 523 996 erant,
552 949 607 995 ut,
637 945 869 994 praesertim
897 944 1092 993 religione
1121 944 1300 994 obligati,
1326 943 1473 980 limites
1502 942 1589 990 ejus
1618 952 1698 978 non
1717 943 1854 977 trans-

393 1016 672 1065 grederentur.
742 1016 871 1058 Quare
906 1014 997 1050 libri
1032 1014 1208 1051 Arabum
1247 1014 1396 1060 passim
1433 1012 1602 1059 produnt
1630 1010 1855 1058 linguarum

394 1086 653 1132 cognatarum
682 1081 902 1128 inscitiam3
934 1084 972 1117 et
1002 1091 1102 1127 quae
1130 1081 1171 1117 in
1192 1082 1346 1124 Qurano
1378 1080 1629 1126 exhibentur,
1657 1078 1855 1114 nominum

323 1148 327 1152 ’
393 1150 503 1188 hebr.
534 1153 677 1197 etyma,
707 1149 777 1184 vix
807 1149 938 1195 aliqua
966 1151 1077 1195 parte
1107 1149 1157 1184 ad
1185 1159 1322 1184 verum
1350 1148 1478 1194 ipsum
1497 1147 1702 1183 accedunt.
1758 1145 1854 1182 Plus

265 1373 432 1558 ll

393 1219 513 1255 etiam
543 1216 788 1264 aramaicae,
820 1227 934 1262 quam
963 1215 1174 1252 hebraicae
1203 1215 1389 1263 ling,uae
1419 1218 1610 1250 noverant
1640 1213 1855 1262 (siquidem

393 1286 537 1324 Judaei
554 1286 595 1321 in
614 1285 767 1321 Arabia
787 1285 1010 1330 vicinisque
1026 1283 1258 1331 regionibus
1279 1283 1485 1330 degentes,
1505 1283 1734 1328 priusquam
1761 1291 1855 1316 ara-

394 1354 509 1393 bicae
526 1354 690 1401 linguae
709 1352 1006 1400 adsuescerent,
1026 1351 1223 1386 aramaica
1251 1349 1501 1397 utebantur),
1529 1359 1663 1398 quare,
1693 1351 1729 1386 si
1756 1349 1857 1396 quod

395 1422 631 1458 vocabulum
648 1431 671 1455 a
689 1420 950 1466 scriptoribus
972 1419 1142 1454 arabicis
1163 1419 1281 1454 hebr
1291 1418 1406 1453 aicu
1419 1428 1456 1452 m
1473 1417 1705 1466 appellatur,
1739 1428 1857 1454 ara-

395 1464 1857 1532 mmmmm-*mammis

396 1569 495 1595 casu
444 1534 1004 1600 fortuito-innotuerant,
1047 1552 1299 1599 quantumvis
1336 1552 1462 1588 forma
1491 1563 1539 1588 ac
1567 1553 1858 1601 significatione

396 1624 644 1662 arabicorum
674 1622 917 1669 consimilia,
957 1621 1156 1656 adducere
1187 1630 1254 1655 eos
1285 1630 1363 1655 non
1391 1622 1594 1668 poterant,
1624 1623 1669 1656 ut
1697 1632 1858 1668 compa-

396 1693 590 1730 rationem
627 1690 692 1727 vel
727 1689 938 1725 hebraicae
977 1688 1043 1724 vel
1073 1688 1294 1724 aramaicae
1323 1687 1487 1735 linguae
1517 1688 1685 1724 ulterius
1716 1699 1855 1736 perse·-

396 1762 625 1808 querentur.
683 1757 882 1804 Quidquid
904 1757 1007 1792 enim
1037 1755 1220 1793 arabicae
1247 1756 1410 1804 linguae
1439 1755 1738 1792 similitudinem
1766 1765 1858 1802 prae

396 1839 443 1867 se
473 1830 609 1875 ferret,
640 1825 951 1874 degeneravisse
983 1824 1082 1871 ipsis
1111 1824 1320 1859 videbatur
1349 1834 1373 1859 a
1401 1824 1692 1870 perfectissimo
1722 1834 1857 1860 exem-

397 1897 500 1944 plari
537 1895 703 1943 linguae
740 1893 915 1940 patriae,
955 1902 1032 1937 qua
1068 1892 1198 1938 ipsum
1228 1893 1374 1939 Deum,
1413 1892 1579 1940 angelos
1610 1894 1651 1927 et
1687 1894 1856 1939 sanctos,

398 1963 577 2012 paradisi
604 1961 771 2007 incolas,
800 1960 860 1995 uti
887 1960 1100 2007 fingebant.
1150 1958 1279 2004 Hujus
1308 1959 1471 2007 linguae
1490 1960 1757 2007 cognitionem
1775 1970 1858 1996 om-

399 2042 510 2079 nem,
549 2031 588 2066 h.
626 2040 662 2066 e.
702 2032 784 2064 tum
820 2028 1009 2063 materiae
1047 2030 1129 2063 tum
1171 2022 1495 2063 conformationis
1526 2027 1612 2074 ejus
1643 2028 1856 2074 scientiam,

398 2101 521 2135 totam
550 2096 808 2133 hauriendam
836 2096 1125 2131 arbitrabantur
1156 2105 1206 2131 ex
1236 2095 1475 2131 carminibus
1507 2095 1857 2141 traditionibusque

401 2164 802 2211 antemuhamedicis,
845 2174 894 2200 ex
935 2162 1090 2205 Qurano
1131 2166 1170 2199 et
1205 2163 1418 2199 traditione
1456 2162 1658 2210 islamica,
1709 2163 1856 2201 Hadmz

399 2237 650 2280 nuncupata,
691 2232 860 2277 denique
900 2242 950 2267 ex
991 2231 1206 2267 domestico
1232 2231 1444 2276 nativoque
1473 2230 1737 2268 Beduinorum
1771 2241 1857 2267 ser-

400 2311 535 2347 mone,
582 2311 696 2347 quem
739 2299 849 2335 nulla
884 2299 1087 2335 barbaries
1121 2299 1408 2335 infuscaverat.
1478 2299 1522 2335 Si
1570 2300 1657 2345 quis
1696 2299 1774 2334 alio
1814 2308 1858 2335 ex

403 2379 455 2404 ex
485 2370 595 2404 fonte
623 2368 787 2416 linguae
816 2366 1120 2414 intelligentiam
1151 2366 1347 2402 deducere
1375 2366 1582 2414 voluisset,
1612 2366 1647 2402 is
1677 2366 1765 2403 sine
1784 2367 1857 2402 du-

402 2435 592 2472 bitatione
633 2423 744 2471 inte?
786 2435 1009 2470 haereticos
1056 2436 1165 2469 esset
1213 2434 1385 2470 habitus.
1448 2435 1643 2478 Qua-ntum
1679 2445 1775 2471 vero
1812 2434 1857 2470 ad

403 2502 581 2551 linguam
618 2503 784 2549 patriam
822 2502 1087 2550 indagandam
1124 2502 1280 2537 interna
1320 2501 1473 2537 valeret
1504 2503 1763 2548 comparatio,
1793 2501 1856 2538 vix

404 2571 599 2618 suspicati
634 2574 745 2616 sunt3
792 2570 1047 2606 inveniuntur
1084 2572 1214 2605 tamen
1261 2565 1303 2605 in
1352 2570 1643 2606 commentariis
1682 2569 1857 2606 Bdhez'a-

406 2639 462 2674 υἰὶ
500 2639 649 2684 aliquot
686 2639 865 2684 exempla
904 2637 991 2684 ejus
1022 2636 1339 2685 compositionis,
1380 2648 1479 2684 quae
1519 2640 1649 2674 tamen
1678 2638 1747 2674 vix
1776 2637 1856 2684 pri·

406 2706 559 2745 mordia
588 2708 681 2741 sunt
709 2705 768 2741 rei
796 2705 1070 2753 gravissimae.
1127 2706 1237 2742 Haec
1265 2705 1438 2753 benigne
1469 2716 1516 2741 ac
1541 2706 1759 2742 liberaliter
1776 2715 1856 2740 me·-

408 2784 498 2810 cum
527 2773 829 2810 communicavit
865 2774 919 2810 H.
953 2772 997 2810 0.
1026 2773 1299 2824 Fleisclaerus,
1336 2773 1562 2813 academiae
1600 2776 1760 2811 nostrae
1796 2773 1858 2810 lu-

407 2851 498 2880 men
526 2843 644 2890 atque
673 2843 955 2881 ornamentum.

1951 1179 1956 1377 i
