1934 3259
611 116 911 161 —19-

35 233 190 286 alebat
239 233 479 297 variisque
532 232 775 282 beneficiis
821 233 1028 294 ornabat,
1073 233 1279 299 linguam
1321 232 1493 283 hebra-

37 317 155 365 icam
190 312 430 361 addidicit.
501 311 747 370 Quaeritur
781 327 917 370 1111116,
955 329 1043 376 qua
1071 314 1149 361 via
1185 312 1275 361 hac
1308 313 1494 362 tertia

36 400 191 443 aetate
225 393 414 456 linguae
449 390 697 439 hebraicae
734 391 942 455 cognitio
977 391 1023 439 in
1060 392 1308 440 ecclesiam
1343 391 1496 441 deve-

38 472 172 533 nerit,
209 471 373 535 quibus
409 469 599 517 auxiliis
635 469 842 518 ecclesia
863 470 1051 534 linguae
1072 469 1322 519 hebraicae
1349 471 1497 538 potita

39 552 102 600 sit
137 566 329 614 eamque
365 548 497 612 quasi
532 548 577 596 in
615 565 745 595 suam
780 547 1001 597 ditionem
1048 547 1283 596 redactam
1324 567 1497 616 propa-

39 630 242 694 gaverit.
298 628 444 687 Quam
466 626 527 674 ad
551 626 870 691 quaestionem
893 626 1266 693 respondendum
1290 635 1378 688 est,
1415 645 1498 677 ec-

39 707 230 756 clesiam
251 714 423 756 rectam
434 707 557 755 viam
577 706 760 754 minime
778 705 945 754 iniisse
975 705 1142 754 videri.
1180 706 1354 753 Partim
1378 707 1499 755 enim

39 787 275 851 acquievit
309 786 356 834 in
392 785 640 851 disciplina
676 801 847 844 eorum,
884 784 962 847 qui
996 785 1200 848 linguam
1235 783 1500 833 hebraicam

41 882 133 914 non
168 865 260 932 ipsi
295 883 322 912 a
356 864 560 913 Judaeis
597 863 879 923 didicerant,
916 863 997 911 vel
1039 863 1383 929 proselytarum
1428 864 1502 912 in-

42 943 296 1005 doctorum,
331 944 397 991 uti
431 943 643 992 Jocmnis
677 942 1075 1002 Boe-solienstem,
1111 942 1317 991 Antonii
1348 940 1502 991 BIar-

34 1024 233 1088 yarilae
276 1022 582 1085 aliorumque,
630 1038 747 1085 quos
793 1020 1006 1069 11011111165
1043 1020 1146 1069 51116
1191 1036 1361 1081 5611511,
1399 1021 1504 1071 51116

43 1117 226 1168 sapore,
263 1100 479 1165 elingues
514 1116 571 1149 ac
606 1099 748 1148 rudes
784 1099 945 1148 dicere
968 1116 1060 1148 11011
1080 1115 1251 1148 vereor
1289 1104 1360 1162 ¹),
1395 1117 1506 1166 par-

41 1180 122 1228 tim
155 1179 373 1228 Judaeos
408 1179 537 1239 adiit,
575 1179 653 1243 qui
689 1195 804 1227 suae
832 1179 1024 1244 linguae
1045 1185 1136 1227 tam
1153 1185 1338 1228 tenuem
1364 1193 1506 1242 >'quam

42 1265 372 1322 quaestuosam
417 1257 660 1306 scientiam
711 1257 963 1320 haberent,
1006 1259 1138 1307 velut
1182 1258 1277 1307 iste
1322 1256 1507 1307 Elias

43 1336 262 1386 Levita
293 1341 412 1399 (nat.
450 1336 601 1397 1472,
638 1355 695 1385 m.
732 1336 918 1399 1549),
965 1337 1043 1401 qui
1089 1353 1192 1387 611111
1237 1342 1370 1386 65561
1412 1336 1508 1385 Ju-

43 1414 263 1464 daeorum
322 1413 572 1463 mediocris
631 1431 688 1464 ac
731 1415 818 1463 vix
872 1415 1126 1465 vendibilis
1178 1415 1508 1480 grammaticus

43 1495 209 1557 (cujus
244 1493 548 1542 veneratione
582 1493 827 1543 immodica
870 1494 1180 1558 ignorantiam
1227 1510 1356 1541 suam
1401 1493 1510 1541 lite-

43 1589 195 1620 rarum
229 1570 523 1635 Judaicarum
567 1572 774 1638 prodidit
812 1571 922 1622 Seb.
971 1572 1295 1622 Muensterus
1333 1576 1398 1634 ²),
1434 1571 1509 1619 in-

44 1650 201 1699 clitum
235 1656 387 1698 tamen
424 1650 663 1699 ecclesiae
699 1652 933 1699 oraculum
969 1651 1140 1699 sactum
1176 1656 1274 1711 est,
1311 1653 1510 1714 ejusque

44 1730 297 1779 auctoritas
331 1734 507 1776 1311111111
542 1729 713 1789 valuit,
750 1736 798 1777 ut
834 1731 1108 1793 conjectura
1153 1731 1260 1793 ejus
1306 1729 1510 1777 levicula

44 1807 106 1857 de
167 1808 350 1872 origine
422 1808 737 1875 punctati'onis
802 1808 1084 1857 niasoretica
1147 1823 1206 1857 ac
1265 1807 1510 1858 tiberiensi

134 1956 176 2007 1)
205 1959 314 1995 Inter
343 1958 568 2006 proselytas
600 1957 820 2006 doctiores,
864 1957 931 2006 qui
972 1957 1081 1995 circa
1118 1956 1440 1995 reformationem
1469 1956 1512 1995 in

46 2025 220 2064 ecclesia
248 2035 408 2062 romana
436 2027 614 2075 linguam
645 2027 871 2063 hebraicam
896 2027 1130 2073 docuerunt,
1159 2026 1387 2062 nominandi
1417 2029 1512 2063 sunt

46 2092 242 2141 Alfonsus
269 2095 451 2131 Zamora
483 2094 816 2142 (vocabularium
853 2092 977 2129 1514.
998 2092 1158 2141 1526.)‚
1189 2093 1344 2129 Paulus
1372 2093 1512 2129 Para-

47 2163 140 2212 disi,
170 2163 373 2210 Venetus,
413 2172 437 2197 a
473 2162 691 2198 Francisco
727 2163 747 2198 I
782 2163 823 2198 in
868 2162 1036 2199 Galliam
1074 2163 1241 2197 vocatus
1277 2161 1359 2209 (De
1396 2160 1513 2197 modo

47 2229 209 2279 legendi
244 2229 447 2279 hebraice,
485 2230 612 2267 Paris.
653 2227 808 2276 1534),
855 2230 1092 2266 Guilielmus
1138 2227 1311 2265 Franchi
1351 2225 1504 2275 (wygw

48 2288 309 2366 ψηρηῖῃῃὸ,
340 2298 433 2334 Sole
484 2297 589 2333 della
633 2297 793 2345 Lingua
838 2299 984 2344 santa,
1033 2298 1218 2344 Bergam.
1264 2292 1390 2333 1591.
1440 2293 1511 2334 99.

49 2364 176 2404 1603.
206 2365 475 2413 Alphabetum
504 2365 749 2413 hebraicum,
779 2367 892 2403 Rom.
922 2363 1083 2412 1596.).

138 2443 182 2493 2)
211 2443 322 2481 Elias
351 2444 495 2481 Levita
524 2448 736 2493 propterea
771 2448 921 2481 tantum
959 2444 1148 2481 honorem
1189 2441 1356 2489 adeptus
1392 2440 1512 2478 vide·-

48 2513 128 2559 tur,
157 2509 251 2557 quia
279 2520 427 2559 genere
457 2513 656 2550 scribendi
685 2513 860 2549 faciliori
890 2516 930 2549 et
969 2512 1132 2560 ingenio
1173 2509 1407 2546 nostratium
1438 2519 1509 2545 ac-

52 2578 310 2615 comodatiori
344 2580 482 2618 utitur.
550 2581 635 2624 Quo
674 2591 769 2617 vero
794 2580 886 2626 jure
925 2579 1004 2616 dici
1033 2578 1179 2632 possit,
1217 2576 1515 2626 grammaticam

51 2645 277 2684 hebraicam
312 2645 416 2682 inter
456 2647 630 2684 Judaeos
669 2650 717 2685 ab
755 2649 832 2685 isto
871 2648 977 2694 Elia>
1001 2645 1398 2694 perfectissime
1437 2645 1514 2680 ab-

54 2713 223 2750 solutam
253 2724 344 2750 esse
384 2715 423 2750 et
461 2716 738 2762 grammaticos
779 2716 993 2763 clariores,
1024 2714 1091 2762 qui
1129 2724 1219 2750 eum
1255 2712 1384 2749 secuti
1420 2711 1516 2758 sint,

54 2781 183 2818 nullos
213 2791 324 2829 esse,
354 2780 431 2817 hoc
471 2792 549 2820 non
585 2783 768 2832 intelligo
805 2783 1051 2834 (Gesenius,
1094 2781 1337 2820 Gesohichte
1374 2779 1445 2816 der
1475 2779 1513 2815 h.

53 2847 232 2896 Sprache
261 2846 305 2895 §-
337 2847 447 2897 32).
1181 2899 1238 2944 2*
