1956 3270
1006 108 1303 154 ..66-

437 227 562 289 ptum
609 222 751 271 delati
787 238 889 271 cum
923 222 1142 272 hebraica
1175 223 1448 289 permixtam
1481 223 1784 287 loquebantur
1824 227 1886 288 ⁸).
1947 231 1949 290 J

438 302 781 365 Antiquissima
816 308 965 350 autem
1002 301 1142 365 hujus
1178 301 1367 365 lingllae
1410 309 1720 362 monumenta,
1767 320 1885 366 quae

436 396 497 428 ne
532 379 739 443 reliquiis
787 380 968 444 quidem
1008 379 1102 427 illis
1154 379 1489 427 aramaismi
1533 381 1883 447 aegyptiaci
1947 388 1949 421 ἒ

437 464 591 506 aetate
637 467 935 524 superantur,
984 457 1212 523 scriptura
1258 474 1392 506 sacra
1434 458 1660 516 continet,
1706 460 1753 523 in
1797 476 1886 522 qua
1946 478 1948 482 ·

433 535 593 583 intima
627 537 926 602 proximaque
962 525 1063 585 cum
1097 536 1257 600 lingua
1292 543 1454 585 sancta
1498 537 1725 585 societate
1769 553 1886 586 con-
1945 539 1948 596 j

430 616 595 678 juncta
629 623 878 681 comparet.
947 615 1153 663 Inservit
1198 615 1317 663 enim
1360 616 1635 664 revelationi
1680 615 1883 673 divinae,
1945 620 1947 679 J

410 699 483 740 'ut
525 709 589 741 ex
644 694 963 741 nonnullorum
1018 693 1250 741 sententia
1301 694 1650 742 vetustissimus
1704 709 1884 757 quoqne

407 737 714 845 {Arabismus
748 772 796 819 in
831 771 947 820 libro
982 771 1097 820 Jobi
1134 772 1204 834 4J3
1241 788 1358 835 quae
1393 772 1645 834 sententia⁷
1691 773 1734 821 si
1768 788 1884 820 vera

521 965 563 1014 3)
592 965 702 1003 Male
730 963 996 1012 Hieronymus
1027 965 1088 1014 (in
1119 967 1216 1003 Dan.
1245 964 1309 1012 I]:
1361 958 1515 1014 '‚,Philo
1553 966 1765 1004 arbitratur
1800 965 1885 1002 lin-
1943 974 1946 979 ·

434 1044 553 1082 guam
583 1033 848 1069 Hebraeorum
879 1033 1004 1079 ipsam
1034 1043 1124 1069 esse
1154 1033 1421 1081 chaldaicam,
1460 1033 1551 1079 quia
1595 1034 1796 1071 Abraham
1834 1034 1884 1069 de
1944 1046 1945 1053 ¹

436 1101 648 1138 Chaldaeis
678 1100 838 1135 fuerit.⁴‘
897 1100 991 1136 Noli
1021 1101 1123 1136 enim
1154 1100 1328 1147 credere,
1359 1102 1560 1137 Philonem
1589 1112 1696 1138 mera
1725 1100 1884 1137 inscitia

433 1169 533 1217 [qua
563 1169 817 1214 syriacam
848 1178 934 1204 cum
965 1167 1236 1204 chaldaica
1265 1168 1427 1204 eandem
1458 1179 1547 1205 esse
1589 1168 1810 1217 ignoravit,
1839 1169 1884 1204 ut

430 1236 545 1272 vides
575 1235 662 1270 adv.
689 1236 875 1271 Flaccum
905 1247 944 1281 p.
974 1233 1069 1270 522.
1106 1233 1191 1282 M.)
1227 1235 1405 1283 linguam
1442 1235 1666 1272 hebraicam
1706 1240 1744 1272 et
1787 1246 1884 1271 ara·
1941 1241 1943 1278 j

431 1303 597 1339 maicam
626 1313 715 1338 raro
746 1302 985 1349 discernere,
1015 1303 1244 1349 plerumque
1283 1303 1544 1350 confundere,
1585 1303 1672 1349 qui,
1715 1313 1802 1338 cum
1840 1301 1883 1338 in
1940 1312 1943 1353 g

432 1371 575 1417 etymis
607 1369 793 1406 eruendis
824 1380 911 1405 cum
941 1370 1150 1405 traditione
1173 1369 1356 1416 judaica,
1388 1370 1639 1415 saepiuscule
1678 1369 1748 1404 illa
1783 1380 1882 1416 per-
1940 1374 1941 1409 j

430 1449 545 1485 quam
575 1438 759 1484 absurda,
789 1437 952 1473 mirifice
983 1438 1177 1483 concinat,
1209 1437 1249 1472 in
1273 1437 1347 1472 hac
1361 1437 1588 1484 linguarum
1608 1437 1884 1472 commixtione
1939 1431 1941 1447 ¹

429 1505 662 1553 longissime
693 1515 715 1539 a
745 1505 959 1540 talmudum
990 1504 1273 1540 consuetudine
1295 1504 1477 1542 discedit.
1535 1504 1748 1541 Aramaica
1779 1503 1882 1540 enim
1940 1494 1941 1524 3

429 1573 567 1621 lingua
597 1572 720 1620 (quae
750 1571 877 1617 ipsius
908 1572 1034 1608 oculis
1073 1571 1398 1619 obversabatur),
1436 1571 1494 1607 uti
1533 1582 1583 1617 ex
1619 1570 1882 1607 monumentis
1938 1585 1940 1621 J

428 1640 621 1676 semiticis
651 1640 691 1675 in
731 1641 920 1687 Aegypto
961 1639 1134 1675 inventis
1178 1642 1361 1685 apparet,
1400 1639 1450 1674 ad
1489 1638 1711 1675 aramaismi
1744 1637 1883 1675 biblici
1937 1634 1940 1650 ’

429 1708 725 1743 similitudinem
754 1718 831 1743 non
861 1717 961 1753 pura
990 1710 1088 1755 erat,
1120 1707 1191 1742 sed
1236 1706 1456 1742 hebraismo
1494 1706 1551 1741 ita
1580 1708 1808 1752 temperata,
1837 1707 1882 1742 ut
1937 1751 1939 1764 Ι

429 1778 471 1812 et
499 1776 686 1811 hebraica
716 1777 756 1810 et
784 1775 993 1821 aramaica,
1018 1777 1134 1820 prout
1163 1774 1228 1810 vel
1249 1774 1348 1809 haec
1378 1774 1442 1809 vel
1472 1774 1540 1808 illa
1571 1773 1656 1822 ejus
1687 1773 1882 1810 elementa
1936 1783 1939 1825 ξ

429 1842 666 1879 considerax
670 1843 762 1889 mis,
793 1842 872 1877 dici
903 1845 1050 1888 posset.
1109 1844 1178 1879 Sic
1208 1842 1248 1878 in
1278 1841 1359 1877 illis
1398 1840 1660 1877 monumentis
1699 1841 1881 1878 invenies
1936 1832 1938 1851 ³

430 1923 516 1958 thu&
547 1920 617 1956 pro
647 1912 820 1957 tarn-,mn
857 1914 892 1954 2⁶
897 1921 964 1972 ,χχΙ
1001 1919 1111 1966 Ἶ33ς
1150 1921 1178 1955 ,χ
1214 1909 1254 1944 in
1285 1906 1323 1946 3.
1352 1908 1464 1955 impf.
1495 1919 1560 1944 vv.
1591 1895 1646 1955 *¹:³7
1677 1919 1747 1955 pro
1778 1911 1881 1957 targ.
1936 1907 1937 1947 ἶ

428 1991 465 2037 '3
497 1989 606 2025 pron.
635 1987 740 2023 pers.
773 1986 866 2038 ἶη73η
904 1987 972 2023 pro
1015 1972 1104 2014 suff.
1143 1980 1216 2041 373
1209 1988 1305 2043 :W
1342 1977 1488 2012 formas
1539 1937 1714 2029 soiutas,
1753 1975 1880 2013 veluti
1934 1979 1937 1992 ²

426 2058 521 2114 Ῑῃ37Ι
551 2048 704 2081 retento
735 2046 856 2091 Ami,-
889 2056 996 2091 ’5772
1028 2055 1060 2080 c.
1099 2046 1188 2082 suff.
1231 2044 1252 2078 1
1294 2055 1331 2090 p.
1369 2055 1438 2091 pro
1468 2047 1573 2092 targ.
1606 2056 1706 2106 7ῆ733
1743 2035 1800 2090 ΠῙ)
1838 2042 1881 2080 in
1934 2082 1935 2085 ,

428 2116 506 2151 fine
536 2113 648 2149 verbi
667 2115 705 2148 et
735 2112 857 2148 absol.
887 2122 956 2158 pro
977 2115 1079 2159 targ
1110 2103 1198 2163 ·,.-,7’ξ7Ι
1243 2114 1319 2148 etc.
1378 2112 1528 2155 Quibus
1568 2111 1616 2147 de
1651 2112 1881 2158 proprieta-
1933 2130 1935 2136 ι

426 2182 547 2228 tibus,
579 2180 765 2216 adhibitis
796 2179 1121 2225 inscriptionibus
1152 2179 1359 2216 aramaicis
1388 2179 1455 2215 vel
1491 2178 1615 2225 lapidi
1642 2179 1781 2214 incisis
1810 2180 1878 2217 vel
1933 2214 1935 2218 Α

426 2259 576 2297 papyro
606 2247 822 2296 inscriptis,
854 2246 1024 2293 quaein
1063 2248 1253 2296 Aegypto
1291 2247 1476 2283 inventae
1515 2248 1554 2281 et
1596 2246 1645 2281 ad
1679 2246 1880 2293 judaicam

427 2318 622 2365 originem
651 2315 885 2351 referendae
916 2317 1027 2361 sunt,
1064 2315 1237 2350 disseret
1273 2315 1348 2350 Ed.
1387 2314 1455 2350 Fr.
1494 2314 1613 2350 Ferd.
1653 2314 1779 2364 Beer,
1816 2317 1879 2354 vir
1930 2346 1933 2355 ,,

425 2384 760 2432 palaeographiae
791 2382 1076 2429 peritissimus,
1107 2382 1146 2417 in
1184 2381 1381 2428 particula
1417 2382 1467 2417 ΙΙ.
1498 2381 1627 2426 operis
1663 2386 1878 2428 praestan-
1930 2426 1932 2429 Ι

425 2453 590 2489 tissimi:
647 2450 933 2496 Inscriptiones
964 2451 1003 2484 et
1032 2450 1177 2495 Papyri
1205 2452 1361 2485 veteres
1399 2448 1590 2497 semitici‚
1621 2451 1809 2496 quotquot
1835 2451 1878 2488 in
1930 2434 1932 2440 ,

426 2521 616 2569 Aegypto
645 2517 793 2564 reperti
820 2520 926 2564 sunt,
954 2516 1115 2563 Lipsiae
1146 2515 1267 2553 1833.
1296 2514 1336 2552 4.

512 2619 556 2669 4)
587 2619 851 2664 Hieronymus
891 2616 932 2653 in
967 2618 1102 2656 Praef.
1148 2618 1198 2654 ad
1237 2619 1268 2659 l.
1305 2618 1414 2655 Jobi:
1490 2621 1628 2668 „Haec
1668 2618 1875 2655 translatio
1928 2622 1929 2627 ’

425 2689 576 2726 nullum
605 2687 653 2724 de
682 2685 886 2723 veteribus
916 2686 1093 2731 sequitur
1121 2685 1388 2734 interpretem,
1419 2686 1491 2722 sed
1520 2697 1570 2723 ex
1598 2687 1684 2733 ipso
1715 2688 1874 2724 ebraico
1926 2684 1929 2724 ἶ

429 2756 717 2802 arabicoque
745 2763 924 2790 sermone
955 2756 994 2790 et
1022 2753 1217 2790 interdum
1247 2765 1339 2802 syro
1359 2764 1463 2793 nunc
1491 2754 1612 2792 verba
1639 2764 1746 2792 nunc
1774 2765 1873 2792 sen-
1925 2774 1928 2783 ·

425 2835 494 2863 sus
525 2834 630 2861 nunc
663 2822 783 2861 simul
811 2823 1016 2870 utrumque
1045 2821 1258 2861 resonabit.
