1934 3259
628 104 925 149 -17-

48 222 243 274 maticae
288 227 335 271 et
378 219 568 272 criticae
612 219 876 285 evigilavit.
945 220 1018 270 At
1058 222 1263 272 ecclesia
1297 227 1427 272 arcte
1460 227 1509 272 et

46 302 257 367 graviter
291 300 562 349 dormitabat
596 305 643 348 et
678 300 1009 364 acquiescebat
1040 300 1088 348 in
1124 302 1394 366 cognitione
1427 303 1510 352 illa

49 382 236 445 linguae
266 380 515 428 hebraicae
534 379 748 444 pertenui
776 385 822 427 et
843 397 872 426 a
892 379 1151 445 proselytis
1170 388 1324 430 mutuo
1343 387 1507 439 sumta,

49 476 138 524 qua
174 476 228 508 se
264 458 324 507 ad
360 457 700 506 dimicationem
723 473 824 505 cum
855 457 1069 506 hostibus
1100 465 1304 524 paratam
1332 460 1508 507 instru-

52 546 261 603 ctamque
298 554 409 587 esse
445 536 723 602 opinaretur.
795 535 1085 602 Scripturam
1121 553 1323 595 sacram,
1371 540 1508 602 cujus

50 624 214 667 custos
250 623 297 666 et
330 616 560 681 interpres
595 630 707 663 esse
754 613 975 676 debebat,
1011 632 1104 663 non
1138 615 1254 664 tanti
1289 617 1509 664 aestima-

50 696 148 755 bat,
203 702 252 743 ut
287 694 640 761 profundiorem
692 694 884 758 hnguae
930 700 1122 742 sanctae
1166 694 1374 743 notitiam
1417 695 1508 744 sibi

47 773 353 840 appetendam
390 779 622 822 censeret.
690 773 867 821 Nonne
889 772 1048 820 mirum
1067 778 1154 833 est,
1177 771 1509 822 Nicolaum

45 854 115 902 de
150 852 351 916 Lyra,
387 853 592 918 insuper,
628 858 677 899 ut
713 851 898 914 quidem
933 852 1166 899 nonnullis
1194 851 1396 911 videtur,
1415 852 1509 901 Ju-

46 931 224 990 daeum,
261 951 289 980 a
323 931 644 980 Nor111anniae
679 930 804 990 vico,
842 946 931 994 quo
968 937 1105 978 natus
1142 937 1256 992 erat,
1292 932 1506 980 nomina-

46 1017 141 1059 tum
178 1015 260 1073 (m.
297 1009 475 1072 1341),
513 1009 705 1076 primum
740 1009 861 1058 inter
908 1008 1210 1059 Christianos
1245 1016 1353 1077 post
1399 1009 1510 1058 Ori-

44 1105 213 1153 genem
259 1096 307 1138 et
356 1089 695 1154 Hieronymum
748 1088 1000 1137 hebraicae
1055 1089 1246 1153 linguae
1300 1089 1509 1137 notitiam

43 1168 357 1229 Judaeorum,
413 1168 624 1234 inprimis
681 1166 960 1215 Salomonis
1016 1166 1195 1216 Isafdci
1252 1167 1509 1217 imitatione

44 1246 107 1294 ad
159 1263 394 1296 sacrarum
449 1247 683 1296 literarum
725 1246 1155 1312 interpretationem
1199 1245 1508 1295 traduxisse?

46 1325 228 1374 Nonne
263 1326 473 1374 maculae
508 1332 556 1374 et
591 1324 815 1374 dedecori
852 1332 927 1373 est
962 1325 1213 1386 ecclesiae,
1250 1342 1393 1374 aurea
1426 1341 1510 1374 ae-

46 1410 142 1453 tate
177 1404 292 1452 artis
325 1404 656 1469 grammaticae
689 1404 810 1453 inter
847 1403 1203 1453 Judaeos.fe1·e
1239 1404 1509 1469 quingentis

45 1482 216 1531 abhinc
262 1484 398 1531 annis
443 1483 718 1549 praeterita,
764 1482 1056 1532 Joannem
1101 1483 1510 1532 Reucltlinum

45 1561 235 1628 primum
270 1561 392 1609 inter
429 1578 590 1610 onmes
627 1560 929 1610 Christianos
973 1562 1343 1625 grammaticam,
1390 1578 1510 1626 quae

46 1657 213 1689 nomen
250 1646 449 1688 mereret
491 1642 549 1702 ¹),
588 1656 690 1688 cum
725 1639 907 1689 lexidio
944 1640 1214 1689 confecisse
1237 1639 1424 1703 (1506)
1462 1646 1512 1690 et

45 1726 477 1767 monumentum
522 1734 659 1767 aere
704 1718 1038 1784 perennius
1083 1719 1375 1783 exegisse
1420 1719 1511 1768 sibi

42 1797 197 1846 visum
251 1813 385 1857 esse,
438 1797 751 1845 Reuchlinum
802 1798 929 1845 illum
983 1797 1225 1846 barbariae
1275 1798 1511 1859 infestum,

45 1893 180 1940 quem
214 1875 530 1925 Vindobonae
565 1876 730 1924 Jalcob
766 1876 931 1925 Jeleie]
961 1875 1162 1935 Locms,
1183 1875 1392 1925 medicus
1414 1877 1511 1924 Im-

45 1955 276 2022 peratoris
311 1962 358 2003 et
402 1971 547 2019 eques
595 1961 808 2015 auratus,
854 1955 1036 2003 Romae
1086 1954 1273 2003 obadia
1316 1954 1362 2003 S
1380 1971 1510 2005 ‘orno

45 2033 273 2094 erudivit3
314 2050 447 2097 quem
477 2034 560 2082 Jo.
594 2034 802 2092 Bellum,
841 2034 1068 2083 sacerdos
1089 2034 1346 2091 Ulrnellsis,
1377 2034 1510 2082 libris

43 2113 217 2176 aliquot
252 2113 581 2176 grammaticis,
618 2129 735 2177 quos
772 2132 799 2161 a
833 2112 1038 2161 Judaeis
1067 2119 1233 2178 postea
1260 2114 1398 2162 Ulma
1419 2129 1510 2162 ex-

45 2191 194 2259 pulsis
229 2197 478 2258 paraverat
513 2191 956 2256 convertendosque
992 2198 1259 2251 curaverat,
1294 2192 1511 2241 munifice

44 2269 252 2336 adjuvit,
289 2287 423 2336 quem
460 2270 661 2335 denique
696 2277 840 2321 totmn
875 2287 903 2319 a
945 2271 1262 2336 grammaticis
1299 2269 1510 2336 judaicis

164 2431 206 2482 1)
235 2430 419 2472 Pericula
455 2432 668 2472 hebraicae
703 2434 985 2484 grammaticae
1014 2434 1271 2482 scribendae,
1312 2443 1412 2480 quae
1442 2434 1511 2470 fe·

47 2505 187 2539 cerunt
215 2503 359 2539 Petrus
387 2504 510 2551 Niyer
538 2503 819 2540 Dominicanus
839 2504 1101 2552 (Rudimenta
1121 2503 1305 2550 Linguae
1335 2500 1512 2538 Hebrai-

46 2580 132 2617 cae,
164 2580 197 2606 c.
228 2568 338 2605 1450
366 2581 436 2617 mS,
466 2571 614 2619 Paris.)
648 2575 688 2607 et
719 2572 839 2609 Conr.
869 2572 1109 2619 Palicanus,
1140 2581 1252 2617 quem
1282 2569 1397 2605 Eliae
1425 2569 1511 2605 Le-

45 2637 153 2673 vitae
183 2637 469 2675 institutionem
519 2639 743 2686 quaesiisse
781 2639 978 2676 Chronica
1015 2637 1313 2676 Neustadensia
1350 2637 1512 2672 narrant:

47 2704 130 2752 (De
161 2702 273 2741 m'odo
303 2705 466 2753 legendi
505 2709 545 2743 et
572 2707 825 2757 intelligendi
854 2709 1062 2755 Hebraea,
1092 2706 1276 2745 Basileae
1306 2702 1440 2752 1503)
1470 2703 1513 2739 in

48 2782 210 2808 censum
238 2773 377 2810 venire
407 2783 484 2810 non
520 2778 702 2822 possunt.
760 2775 1009 2814 Reuohlinus
1038 2775 1126 2824 ipse
1156 2785 1205 2812 ea
1232 2773 1298 2810 vel
1327 2782 1405 2809 non
1435 2781 1513 2808 no-

47 2838 107 2876 vit
135 2840 201 2877 vel
230 2850 308 2878 non
338 2841 517 2891 agnovit.

1174 2892 1208 2937 2
