1956 3270
366 402 646 438 vetustissimus
666 400 841 445 inchoat,
873 400 911 435 id
938 401 1038 448 quod
1064 401 1324 447 dispositionis
1351 400 1646 450 chronologicae
1672 400 1872 434 consilium

368 471 524 504 innuere
545 467 717 513 videtur,
745 474 870 502 tamen
890 466 1033 503 Psalmi
1054 466 1241 512 davidici,
1270 469 1335 515 qui
1353 467 1453 502 hunc
1475 466 1653 514 subsequi
1673 466 1871 509 debebant,

366 548 432 583 per
458 535 575 570 libros
604 533 696 570 duos
721 542 934 582 postremos
961 534 1122 581 dispersi
1154 540 1241 569 sunt
1275 530 1389 582 (101.
1424 535 1511 569 103.
1542 534 1630 568 122.
1662 533 1750 568 124.
1783 533 1870 567 131.

372 602 502 651 133.);
541 601 800 636 tantummodo
833 601 890 637 bis
924 602 1050 648 plures
1081 613 1212 636 eorum
1246 602 1471 637 catervatim
1506 600 1681 648 dispositi
1709 596 1810 648 (108
1824 619 1868 624 ——

371 670 458 704 110.
484 668 559 703 138
573 689 617 693 —
637 666 734 719 145)
761 669 1015 715 reperiuntur.
1074 665 1247 703 Psalmus
1268 666 1485 703 Salomonis
1509 668 1597 702 127.
1619 667 1817 715 anonymis
1839 672 1875 700 et

367 735 554 771 davidicis
580 736 758 783 utrinque
787 736 965 785 cingitur.
1026 733 1131 784 Ergo
1154 735 1225 770 etsi
1251 735 1488 782 aliquatenus
1510 733 1694 782 quaedam
1715 732 1875 768 chrono-

367 804 493 853 logica
521 802 719 850 dispositio
747 803 847 837 ultro
877 815 916 837 se
941 802 1093 846 obtulit,
1120 807 1246 836 tamen
1265 801 1442 837 redactor
1463 813 1545 836 eam
1563 813 1639 835 non
1657 800 1821 848 quaesiit
1841 805 1878 834 et

367 870 406 904 in
425 870 666 919 singulorum
684 867 924 904 Psalmorum
945 869 1198 904 collocatione
1219 870 1401 915 temporis
1426 868 1599 904 ordinem
1619 879 1695 902 non
1716 867 1875 901 curavit.

429 932 435 938 ’
479 936 623 977 Quodsi
664 934 895 971 Psalterium
927 935 974 970 ad
1008 942 1221 983 temporum
1253 935 1424 970 ordinem
1461 934 1685 982 dispositum
1719 945 1795 968 non
1823 938 1879 968 est

368 1015 437 1038 nec
466 1009 592 1038 tamen
619 1015 687 1050 pro
718 1002 893 1037 credibili
927 1002 1168 1047 sumendum,
1210 1000 1381 1038 Psalmos
1416 1002 1651 1045 inconsulte,
1692 1006 1806 1048 prout
1839 1013 1878 1034 se

368 1068 591 1114 offerebant,
614 1074 859 1104 coacervatos
880 1082 975 1115 esse,
997 1071 1207 1117 quaeritur,
1230 1081 1393 1117 quanam
1412 1070 1561 1104 ratione
1582 1068 1783 1115 compositi
1804 1067 1880 1101 sint

367 1144 403 1172 et
424 1138 575 1185 qualem
593 1136 860 1171 ordinemnon
881 1135 1209 1186 chronologicum,
1230 1136 1295 1172 sed
1313 1137 1455 1171 realem
1475 1135 1690 1170 exhibeant.

483 1201 525 1253 l)
558 1201 729 1237 Primum
755 1204 970 1252 generatim
997 1202 1074 1238 dici
1098 1209 1243 1250 potest,
1274 1201 1446 1238 Psalmos
1474 1208 1716 1237 auctorum
1743 1212 1880 1235 eorun-

369 1270 473 1315 dem,
500 1271 557 1305 uti
577 1271 616 1304 in
637 1270 659 1304 l.
682 1267 833 1304 I-llI.
857 1269 1073 1315 davidicos,
1099 1269 1320 1317 asaphioos,
1345 1268 1604 1313 korahiticos,
1633 1280 1709 1303 una
1725 1271 1881 1316 junctos

368 1350 459 1373 esse.
522 1336 728 1378 Quaeritur
748 1349 839 1371 vero
853 1363 863 1382 ,
891 1336 1072 1384 quidnam
1092 1337 1290 1372 collectori
1311 1349 1440 1372 ansam
1460 1336 1605 1371 dederit
1626 1334 1672 1370 ad
1691 1334 1760 1370 hos
1779 1335 1880 1381 ipsos

367 1406 467 1439 inter
494 1417 576 1440 sese
602 1403 674 1439 hoc
701 1416 813 1452 quem
837 1403 1010 1439 videmus
1031 1404 1165 1439 ordine
1186 1404 1449 1451 disponendos.
1510 1401 1669 1437 Accedit
1687 1401 1788 1450 quod
1805 1413 1880 1436 non

368 1472 487 1507 solum
510 1472 550 1506 in
570 1471 592 1506 l.
615 1469 678 1505 IV.
700 1477 737 1505 et
756 1469 814 1516 V„
836 1470 899 1506 sed
922 1472 1036 1506 etiam
1055 1472 1095 1506 in
1114 1468 1292 1505 l.I—111.
1314 1469 1476 1506 Psalmis
1496 1469 1682 1505 davidicis
1703 1469 1881 1517 anonymi

368 1538 531 1573 admixti
558 1544 666 1584 sunt,
697 1536 766 1573 hos
798 1539 989 1585 posterius
1022 1539 1185 1585 injectos
1217 1546 1305 1574 esse·
1327 1537 1523 1585 probabile
1554 1542 1624 1581 est,
1660 1543 1699 1571 at
1730 1547 1882 1571 causam

368 1606 600 1654 quaerimus,
623 1617 689 1639 cur
707 1603 781 1639 hoc
798 1605 914 1640 illove
934 1606 1018 1640 loco
1037 1603 1147 1651 huic,
1168 1617 1245 1640 non
1265 1605 1332 1640 alii
1351 1603 1412 1641 Ps.
1435 1603 1610 1639 davidico
1632 1604 1772 1638 annexi
1793 1604 1880 1638 sint.

368 1669 488 1707 Porro
511 1672 651 1706 mirum
671 1678 740 1717 est,
762 1684 828 1707 cur
849 1670 929 1708 Pss.
951 1672 1118 1707 davidici
1139 1672 1228 1708 libri
1246 1670 1274 1707 I.
1295 1678 1333 1706 et
1351 1669 1397 1706 II.
1420 1671 1646 1717 interposita
1665 1670 1794 1717 priore
1812 1667 1882 1705 ko-

367 1737 622 1774 rahiticorum
649 1745 803 1774 caterva
828 1740 1035 1786 interrupti
1063 1740 1149 1775 sint.
1209 1737 1386 1787 Denique
1404 1739 1521 1773 miros
1541 1750 1608 1773 nos
1629 1743 1753 1781 tenet,
1783 1736 1883 1784 quod

368 1803 449 1842 Pss.
472 1804 640 1840 davidici
660 1806 700 1840 in
718 1806 756 1840 ll.
778 1803 841 1840 IV.
865 1812 902 1840 et
922 1805 965 1841 V.
988 1818 1063 1841 non
1083 1807 1263 1842 continua
1282 1807 1380 1842 serie
1400 1805 1577 1851 deinceps
1599 1805 1776 1839 collocati
1796 1810 1883 1839 sunt

370 1879 408 1907 et
427 1871 528 1920 quod
547 1873 727 1921 anonymi
748 1872 792 1907 ab
814 1873 861 1908 iis
881 1885 957 1908 non
977 1874 1181 1923 segregati.
1231 1871 1316 1908 Hoc
1336 1885 1410 1920 qua
1429 1872 1578 1907 ratione
1599 1870 1784 1907 adductus
1805 1872 1882 1907 col-

368 1941 490 1975 lector
510 1938 638 1974 facere
659 1940 846 1985 omiserit,
868 1941 1121 1976 sciscitamur.

482 2004 529 2056 2)
563 2003 639 2041 Cur
667 2004 748 2042 Pss.
778 2006 944 2042 davidici
977 2007 1066 2042 libri
1094 2005 1139 2042 II.
1168 2020 1189 2042 a
1214 2006 1401 2042 davidicis
1428 2006 1517 2041 libri
1543 2004 1570 2041 I.
1599 2006 1764 2054 sejuncti
1792 2005 1881 2048 sint,

369 2072 484 2109 facile
506 2072 610 2108 dictu
632 2079 708 2120 est,
732 2086 821 2108 nam
842 2073 988 2110 indoles
1009 2073 1165 2119 horum,
1191 2080 1234 2109 ut
1250 2073 1437 2119 vidimus,
1458 2072 1702 2121 jehovica,
1730 2072 1880 2107 illorum

372 2139 629 2175 elohimica
655 2146 722 2176 est.
784 2140 895 2182 Quod
911 2154 1002 2177 vero
1022 2139 1083 2177 Ps.
1107 2143 1169 2177 84.
1190 2139 1452 2186 korahiticus,
1483 2141 1549 2188 qui
1569 2146 1607 2174 et
1624 2140 1723 2187 ipse,
1750 2145 1792 2174 ut
1819 2138 1881 2173 de-

372 2208 682 2252 monstravimus,
702 2207 841 2243 indolis
863 2207 1088 2244 elohimicae
1107 2215 1182 2254 est,
1205 2215 1242 2244 et
1261 2206 1321 2244 Ps.
1344 2207 1406 2243 50.
1428 2206 1648 2255 asaphicus,
1670 2208 1778 2254 cujus
1799 2218 1883 2241 cum

373 2275 511 2310 ceteris
531 2273 720 2322 asaphicis
739 2275 914 2310 omnibus
931 2275 1077 2312 indoles
1099 2275 1302 2311 elohimica
1320 2275 1543 2319 communis,
1558 2286 1580 2309 a
1594 2274 1732 2309 ceteris
1746 2285 1882 2308 eorun-

374 2340 458 2376 dem
477 2349 678 2377 auctorum
696 2344 861 2390 sejuncti
881 2349 982 2388 sunt,
1004 2355 1051 2377 ex
1069 2341 1231 2378 historia
1251 2342 1489 2378 collectionis
1510 2340 1797 2389 dijudicandum
1815 2346 1881 2376 est.

373 2406 529 2443 Etenim
548 2409 572 2443 1.
583 2406 648 2442 III.
665 2408 912 2455 appendicem
933 2409 1101 2455 exhibet,
1123 2421 1197 2457 qua
1211 2410 1386 2445 collectio
1401 2409 1661 2444 vetustissima
1672 2404 1755 2457 (1.1.
1767 2404 1881 2457 etII.)

372 2476 562 2522 posterius
588 2476 759 2522 suppleta
785 2482 860 2522 est3
891 2479 930 2511 in
950 2475 1021 2511 hac
1041 2475 1121 2512 Pss.
1139 2475 1311 2524 jehovici
1331 2475 1582 2523 praecedunt,
1613 2473 1807 2510 elohimici
1825 2487 1882 2509 se-

373 2549 554 2590 quuntur,
575 2543 614 2577 in
633 2542 840 2589 appendice
860 2543 907 2578 ad
927 2555 1011 2578 eum
1030 2543 1203 2579 ordinem
1221 2556 1260 2579 se
1281 2544 1494 2590 applicante
1516 2541 1710 2578 elohimici
1728 2553 1882 2589 praece-

375 2608 480 2654 dunt,
511 2607 683 2657 jehovici
707 2616 927 2657 sequuntur.
988 2608 1175 2645 Remanet
1193 2617 1319 2645 autem
1340 2611 1527 2658 quaestio,
1556 2622 1623 2645 cur
1641 2621 1764 2657 neque
1784 2610 1882 2644 inter

374 2673 454 2711 Pss.
478 2674 679 2723 jehovicos
705 2682 743 2711 et
769 2675 992 2713 elohimicos
1020 2678 1068 2723 ii,
1105 2678 1170 2725 qui
1195 2677 1241 2712 ad
1269 2677 1421 2712 eosdem
1447 2683 1623 2712 auctores
1649 2675 1879 2719 referuntur,

376 2748 594 2777 constanter
615 2744 816 2790 compositi
837 2744 932 2790 sint,
956 2756 1045 2779 nam
1066 2750 1103 2779 et
1123 2743 1309 2780 davidicis
1328 2750 1366 2779 et
1383 2742 1610 2779 korahiticis
1628 2743 1745 2779 medii
1765 2744 1881 2777 inter-

374 2809 490 2855 positi
522 2815 609 2844 sunt
639 2812 819 2859 anonymi
850 2807 936 2860 (43.
965 2812 1029 2846 66.
1056 2811 1120 2846 67.
1142 2808 1251 2861 71.),
1284 2809 1511 2847 korahiticis
1541 2811 1657 2846 semel
1687 2809 1882 2846 davidicus

376 2871 485 2925 (86).
544 2873 702 2923 Insuper
723 2878 822 2913 scire
842 2889 1010 2924 avemus,
1043 2889 1156 2926 quam
1176 2877 1223 2913 ad
1239 2890 1411 2914 normam
1428 2876 1571 2914 Psalmi
1592 2875 1797 2913 eorundem
1815 2886 1880 2910 au-

376 2948 524 2978 ctorum
552 2945 788 2991 conjunctim
806 2946 922 2992 positi
941 2944 1014 2981 hoc
1035 2946 1100 2992 qui
1119 2951 1206 2980 ante
1226 2946 1358 2981 oculos
1377 2951 1434 2980 est
1453 2945 1608 2989 ordine,
1640 2955 1716 2979 non
1741 2943 1814 2977 alio
1841 2953 1880 2976 se

374 3014 503 3046 mutuo
524 3011 728 3057 excipiant.
