1934 3259
795 987 836 1039 l.

54 1153 133 1198 De
174 1153 293 1213 lege
335 1169 547 1201 summa
588 1155 887 1215 analogiae
927 1156 986 1200 in
1027 1153 1366 1201 ordinandis
1408 1156 1563 1203 Psal-

579 1258 684 1310 mis
722 1257 1042 1304 observata.

166 1464 360 1527 Singulos
382 1476 561 1514 Psalterii
580 1477 751 1515 Psalmos
779 1492 854 1514 non
881 1492 962 1515 esse
990 1478 1264 1528 chronologice
1292 1478 1482 1528 digestos,
1514 1490 1561 1513 ex

50 1544 97 1579 iis
124 1542 286 1579 Psalmis
314 1544 520 1591 davidicis,
547 1558 710 1594 quorum
735 1548 905 1597 origines
931 1546 1141 1581 historicae
1168 1545 1208 1580 in
1233 1546 1404 1593 ipsorum
1424 1546 1563 1581 inscri-

49 1611 243 1658 ptionibus
271 1611 475 1647 adnotatae
502 1620 610 1658 sunt,
644 1615 837 1649 luculente
863 1619 1031 1661 apparet.
1090 1611 1246 1647 Etenim
1267 1612 1335 1648 hos
1357 1609 1415 1662 (3.
1439 1615 1475 1649 7.
1500 1614 1560 1649 18.

50 1679 113 1713 34.
135 1677 198 1713 51.
221 1676 285 1713 54.
308 1677 372 1718 55.
392 1678 455 1714 56.
478 1678 541 1715 57.
564 1679 627 1716 59.
651 1683 714 1716 60.
735 1682 799 1716 (53.
825 1678 936 1731 142.)
959 1693 1035 1716 non
1055 1686 1269 1727 temporum
1291 1681 1403 1725 serie,
1426 1680 1562 1729 quibus

49 1746 124 1780 orti
149 1752 258 1791 sunt,
292 1747 392 1780 inter
418 1760 500 1782 sese
527 1760 721 1784 connexos
750 1761 831 1783 esse
856 1749 978 1795 primo
1006 1747 1188 1794 adspectu
1214 1748 1459 1797 intelligitur.
1519 1746 1563 1783 In

48 1813 129 1860 ipso
150 1813 281 1847 limine
300 1813 389 1848 libri
408 1812 436 1848 Ι.
458 1812 653 1861 Psalmus,
685 1822 728 1851 ut
747 1816 947 1863 inscriptio
968 1814 1062 1860 fert,
1094 1820 1265 1861 tempore
1282 1816 1562 1862 persecutionis

48 1879 302 1915 absalomicae
323 1880 499 1917 conditus
521 1878 589 1932 (3)
617 1882 810 1918 antecedit
829 1883 962 1928 alteri,
991 1883 1057 1931 qui
1082 1882 1129 1917 ad
1156 1888 1304 1929 tempus
1324 1884 1562 1929 persecutio-

48 1947 107 1983 nis
142 1948 310 1982 saulicae
342 1947 510 1983 refertur
545 1944 636 2000 (7);
679 1963 770 2000 ergo
801 1962 925 1998 neque
957 1950 1141 1985 collector
1170 1949 1316 1996 primus
1349 1962 1471 1998 neque
1501 1962 1563 1985 re-

48 2013 180 2049 dactor
205 2021 419 2062 postremus
446 2016 487 2050 in
514 2022 640 2051 mente
665 2016 847 2063 habebat,
874 2015 1047 2053 Psalmos
1067 2015 1264 2052 davidicos
1283 2017 1345 2052 vel
1366 2018 1482 2053 etiam
1502 2014 1562 2067 (id

47 2081 147 2129 quod
164 2093 232 2128 per
252 2094 292 2117 se
311 2081 400 2117 inde
420 2081 614 2135 sequitur)
638 2090 784 2120 ceteros
798 2086 838 2120 in
852 2084 1027 2120 ordinem
1041 2082 1359 2133 chronologicum
1372 2083 1561 2134 redigere.

156 2146 288 2183 Nihilo
310 2150 434 2184 minus
449 2150 615 2186 concedi
634 2158 805 2199 oportet,
832 2150 1082 2196 Psalterium,
1109 2152 1324 2200 generatim
1343 2157 1456 2200 atque
1475 2153 1562 2187 uni-

46 2226 155 2250 verse
182 2222 414 2263 spectatum,
451 2218 640 2265 quendam
666 2217 983 2269 chronologicum
1009 2218 1183 2253 ordinem
1208 2216 1401 2254 exhibere.
1462 2217 1561 2254 Nam

46 2279 118 2317 hoc
139 2282 240 2317 inter
260 2295 391 2318 omnes
413 2290 583 2330 constat,
615 2285 732 2321 libros
752 2284 904 2321 1—111.
926 2286 1135 2321 maximam
1153 2290 1302 2332 partem
1320 2284 1561 2322 Psalmorum

47 2349 401 2397 antiquissimorum
420 2353 637 2399 continere,
658 2353 776 2389 libros
797 2351 860 2388 IV.
882 2360 919 2388 et
939 2352 983 2388 V.
1004 2351 1086 2389 Pss.
1108 2353 1315 2387 maximam
1333 2359 1482 2400 partem
1498 2366 1560 2388 re-

48 2417 235 2452 centiores
256 2418 337 2453 sive
357 2419 466 2454 exilii
486 2425 611 2455 aetate
629 2421 805 2468 scriptos.
835 2419 885 2455 At
904 2419 1003 2456 hanc
1023 2420 1169 2456 ordinis
1189 2418 1455 2471 chronologici
1475 2433 1560 2468 spe-

49 2483 141 2518 ciem
161 2485 284 2534 magis
304 2484 351 2519 ad
363 2482 544 2521 Psalterii
562 2493 702 2533 ortum,
723 2500 836 2536 quam
856 2487 903 2523 ad
920 2487 1134 2523 redactoris
1151 2488 1335 2535 postremi
1356 2488 1559 2523 consilium

47 2548 183 2585 referri
203 2557 366 2598 oportet.
408 2551 541 2601 Neque
555 2556 656 2590 enim
672 2554 734 2590 hic
748 2556 893 2602 primus
907 2553 1080 2591 Psalmos
1095 2567 1225 2590 omnes
1239 2567 1360 2603 usque
1375 2555 1422 2590 ad
1437 2556 1557 2602 ipsius

48 2622 209 2652 aetatem
235 2618 427 2666 dispersos
455 2632 571 2656 unum
598 2623 637 2656 in
667 2634 804 2670 corpus
831 2623 1007 2672 collegit,
1035 2622 1101 2659 sed
1120 2621 1296 2657 exstabat
1309 2624 1391 2669 jam
1411 2618 1557 2671 (nesci-

0 2699 1 2704 =
47 2694 127 2719 mus
161 2697 208 2721 ex
243 2697 316 2733 quo
350 2685 542 2738 tempore)
572 2689 748 2725 collectio
783 2688 1024 2725 Psalmorum
1052 2689 1210 2725 1—72.
1238 2701 1324 2724 cum
1349 2689 1557 2736 appendice

48 2749 98 2784 73
110 2771 155 2776 —
170 2752 248 2798 89„
277 2764 374 2801 quae
399 2754 552 2801 quidem
571 2756 723 2806 integra
742 2763 798 2803 et,
826 2759 859 2792 si
879 2757 1139 2793 additamenta
1158 2756 1342 2791 nonnulla
1359 2756 1440 2792 sive
1461 2762 1556 2791 tem-

45 2826 176 2862 porum
197 2818 358 2856 decursu
379 2821 460 2856 sive
478 2821 524 2856 ab
542 2822 623 2869 ipso
642 2823 784 2859 inferta
804 2823 1031 2871 dempseris,
1066 2823 1212 2859 intacta
1230 2823 1271 2858 in
1292 2835 1428 2870 corpus
1449 2821 1556 2858 Psal-

45 2884 132 2919 terii
158 2893 312 2934 recepta
340 2893 407 2923 est.
467 2886 552 2923 Hoc
573 2902 616 2924 eo
635 2896 762 2926 ortum
783 2897 858 2936 est,
890 2890 992 2938 quod
1012 2890 1059 2925 ad
1079 2891 1346 2925 collectionem
1364 2895 1556 2925 vetustam

46 2951 201 2998 ejusque
223 2954 471 3001 appendicem
495 2953 637 2992 Psalmi
665 2962 703 2992 et
728 2970 862 2993 recens
887 2956 981 2992 facti
1007 2964 1045 2992 et
1070 2958 1219 3005 antiqui
1245 2970 1288 2992 eo
1315 2969 1434 3004 usque
1459 2968 1554 2991 non-

4 3037 7 3077 :
47 3013 132 3051 dum
158 3021 302 3067 recepti
330 3029 584 3058 accesserunt.
644 3022 693 3058 At
718 3036 948 3073 quamquam
974 3024 1112 3060 librum
1138 3022 1200 3059 IV.
1231 3021 1405 3059 Psalmus
1438 3021 1555 3060 Mosis

1201 3084 1252 3118 3²5
