1956 3270
378 386 593 422 tateuchi
621 387 896 423 imitatione
922 394 1050 424 natam
1071 401 1153 425 esse
1173 390 1409 436 suspicemur
1426 386 1509 440 38).
1570 389 1653 431 Qua
1673 390 1826 438 quidem
1846 391 1891 427 de

378 466 419 488 re
439 454 519 488 sive
539 454 594 488 sic
613 454 694 489 sive
712 454 824 489 aliter
839 455 1011 502 judicas,
1039 462 1142 490 certo
1160 454 1233 490 hoc
1255 455 1438 501 efficitur,
1472 455 1712 492 Psalmorum
1730 457 1890 504 biparti-

378 527 455 555 tam
482 521 519 554 in
542 519 743 567 jehovicos
770 527 807 556 et
831 521 1054 558 elohimicos
1075 522 1304 558 divisionem
1320 522 1460 559 habere
1480 523 1625 571 aliquid
1643 525 1826 559 momenti
1847 537 1890 559 ac

376 586 555 634 ponderis
575 586 621 622 ad
642 589 905 635 quaestionem
924 589 969 623 de
989 587 1241 624 Pentateuchi
1260 595 1396 625 natura
1414 602 1458 625 ac
1478 590 1728 637 dispositione
1750 590 1892 639 dijudi-

377 653 550 699 candam,
579 653 677 702 quod
705 655 859 702 quidem
883 656 993 703 quale
1018 662 1277 704 quantumque
1304 657 1367 701 sit,
1399 657 1473 692 alio
1493 657 1592 701 loco,
1624 658 1698 692 nisi
1718 658 1804 705 quis
1823 669 1891 694 nos

375 721 617 768 praeveniat,
637 722 950 757 examinabimus.

466 911 523 948 38)
551 911 591 939 At
606 910 689 939 nihil
704 910 769 939 nisi
787 911 870 940 hanc
886 911 991 948 ipsam
1005 913 1177 941 nominum
1195 912 1258 941 Dei
1281 912 1545 941 vicissitudinem
1562 912 1748 949 psalmodia
1762 912 1890 942 imitata

375 968 425 996 est
441 976 578 1003 eamque
594 970 660 995 tam
676 966 760 996 libel
764 976 793 1005 e,
816 969 852 996 ut
872 977 914 996 ne
934 968 969 996 in
986 977 1047 997 usu
1065 968 1198 1005 quidem
1212 978 1329 998 eorum
1349 968 1523 997 nominum
1537 969 1578 997 ad
1592 967 1813 997 Pentateuchi
1827 968 1890 997 du-

377 1025 462 1052 ctum
479 1022 626 1073 sollicite
642 1032 677 1052 se
695 1023 851 1061 applicet,
868 1023 901 1052 id
918 1024 1006 1060 quod
1021 1024 1099 1072 inde
1092 1027 1263 1071 apparet,
1281 1025 1370 1061 quod
1384 1026 1454 1054 Pss.
1470 1025 1579 1054 Deum
1597 1026 1785 1053 creatorem
1800 1023 1891 1053 eele-

374 1067 535 1115 brantes,
540 1069 700 1115 quamvis
716 1079 816 1116 capiti
831 1080 973 1109 Genesis
988 1080 1096 1117 primo
1112 1081 1313 1118 innitantur,
1341 1090 1458 1110 omnes
1475 1091 1487 1118 J
1501 1081 1546 1110 eh
1557 1090 1576 1110 o
1587 1080 1625 1109 vi
1636 1080 1672 1110 ci
1692 1082 1770 1109 sunt
1791 1080 1890 1118 (non,

374 1138 411 1164 ut
433 1135 703 1172 exspectaveris,
728 1135 915 1174 elohimici)
943 1138 975 1165 et
996 1137 1085 1173 quod
1106 1138 1190 1166 adeo
1216 1126 1466 1174 compluribus
1458 1146 1493 1166 m
1510 1137 1596 1166 locis
1611 1146 1628 1166 e
1643 1138 1738 1166 Pent.
1755 1137 1890 1166 desum-

373 1191 416 1220 tis
438 1201 470 1220 n.
485 1197 522 1218 ππ
528 1196 582 1229 rw,
611 1191 701 1227 quod
728 1191 773 1220 ibi
799 1194 921 1227 exstat,
941 1201 1061 1221 cumn.
1076 1198 1109 1220 n
1113 1186 1196 1230 Γῖκ,
1225 1195 1259 1221 ut
1278 1202 1379 1230 supra
1395 1193 1549 1231 vidimus,
1572 1195 1813 1222 commutatum
1828 1196 1890 1222 est.

375 1248 469 1281 Quae
485 1257 557 1289 cum
573 1247 619 1284 ita
634 1247 711 1290 sini,
729 1247 836 1283 ‚mil-‚os
855 1257 917 1277 nos
933 1248 1056 1277 habere
1072 1257 1142 1277 non
1159 1248 1295 1285 poterit,
1322 1249 1410 1284 quod
1427 1252 1614 1278 ceterarum
1631 1249 1889 1286 proprietatum,

373 1304 492 1341 quibus
514 1303 713 1332 elohimicae
734 1290 952 1333 Pentateuchi
980 1306 1092 1341 partes
1113 1314 1131 1333 a
1149 1292 1319 1341 jehovicis
1341 1304 1477 1334 differre
1503 1305 1733 1344 perhibentur,
1765 1305 1801 1334 in
1818 1306 1889 1335 Pss.

374 1359 563 1389 elohimicis
586 1360 642 1389 vix
662 1359 767 1388 ullum
788 1360 968 1398 vestigium
991 1361 1160 1398 reperitur
1182 1361 1242 1396 (cf.
1262 1366 1322 1389 Ἧι)
1346 1362 1398 1398 68,
1416 1362 1468 1389 15.
1492 1362 1545 1398 91,
1561 1361 1604 1397 1.;
1630 1366 1698 1390 *³:³7
1720 1362 1796 1399 105,
1822 1362 1888 1400 24.;

373 1421 460 1444 runs
480 1417 510 1453 2,
528 1417 571 1452 8.;
587 1409 651 1455 pff>
672 1417 745 1454 105,
762 1417 828 1453 10.;
843 1422 929 1445 2-1-222
945 1422 1004 1446 xv:
1019 1418 1094 1454 119,
1112 1418 1175 1453 54.‚
1203 1426 1306 1453 quare
1322 1417 1422 1447 etiam
1436 1421 1515 1446 run*
1531 1411 1618 1459 7⁸32-
1635 1417 1688 1456 34,
1704 1419 1733 1447 8.
1750 1418 1803 1456 35,
1816 1419 1844 1446 5.
1858 1419 1889 1448 6.

374 1477 459 1512 ’πψτη
475 1478 508 1500 -.“
524 1472 599 1511 136,
617 1473 668 1501 12.
683 1472 718 1502 in
735 1481 871 1502 censum
888 1472 1002 1502 venire
1018 1482 1086 1502 non
1106 1471 1277 1512 possunt).
