1956 3270
1078 200 1132 241 &B

467 364 573 401 Haec
593 369 826 414 conjectura,
846 379 889 402 re
907 370 1123 404 accuratius
1144 370 1374 413 examinata,
1399 368 1561 404 mirifice
1580 367 1858 415 comprobatur.

355 429 509 467 Etenim
527 433 640 468 facile
660 434 904 485 intelligitur,

467 496 509 549 a)
541 500 679 535 seriem
698 499 937 537 Psalmorum
955 501 1002 536 ad
1021 500 1173 536 eosdem
1198 508 1413 538 auctores
1438 502 1647 536 relatorum
1673 512 1749 536 non
1775 500 1861 535 aliis

356 562 518 600 Psalmis
537 566 774 614 interpositis
794 568 1034 615 interrumpi,
1053 568 1128 602 nisi
1141 567 1295 614 talibus,
1316 570 1382 617 qui
1401 567 1716 616 praecedentibus
1736 567 1863 614 aliqua

357 632 505 666 ratione
529 633 568 667 in
594 634 724 669 oculos
750 636 968 670 incurrente
993 635 1209 671 consimiles
1235 636 1321 671 sint.
1381 633 1531 670 Psalmo
1559 633 1682 670 david.
1709 634 1746 669 9.
1775 633 1862 669 sub-

352 698 489 745 jicitur
508 711 717 749 anonymus
742 703 805 747 10,
835 703 924 750 quia
949 702 988 736 in
1013 707 1176 750 utroque
1201 708 1352 749 praeter
1377 703 1452 737 alia
1471 702 1612 737 similia.
1631 704 1730 733 ΓΊἾΞΞ
1748 693 1862 733 mn&

357 761 416 814 (9,
442 766 502 801 10.
527 767 590 813 10,
616 763 670 818 l.)
691 770 900 816 reperitur,
925 766 1075 803 Psalmo
1097 768 1220 805 david.
1242 769 1295 804 32
1315 780 1524 817 anonymus
1544 768 1610 813 33,
1631 768 1721 815 quia
1740 767 1804 802 ille
1824 766 1864 802 in

356 832 630 869 acclamatione
659 838 796 876 ῠῬἿ-ῐκ
827 831 913 867 *ban
947 837 1011 866 ’Πὲ
1041 839 1140 868 ἾΠὮΨ
1173 835 1332 881 desinit,
1382 835 1446 870 hic
1484 835 1759 870 acclamatione
1797 836 1864 866 ἾΞΞἾ

356 900 422 931 1.-ιὲ
450 903 586 942 ΕἼῪῚἾΞ
611 900 770 937 orditur.
833 900 908 937 Cur
935 899 1085 936 Psalmo
1113 900 1330 938 korahitico
1357 903 1410 937 42
1438 902 1631 950 subjectus
1656 901 1706 936 sit
1729 898 1790 935 Ps.
1811 899 1863 934 43

357 960 445 1013 (qui
470 978 669 1014 perperam
692 981 759 1016 pro
780 967 922 1004 Psalmi
943 969 996 1004 42
1016 967 1171 1016 stropha
1189 970 1305 1005 tertia
1324 968 1475 1004 habitus
1494 965 1593 1016 est),
1623 973 1700 1002 tam
1718 967 1864 1014 perspi-

357 1043 470 1068 cuum
490 1039 559 1079 est,
579 1040 622 1069 ut
641 1036 761 1071 oculis
778 1035 955 1084 judicare
973 1036 1107 1083 possis.

466 1095 508 1150 b)
538 1099 669 1136 Etiam
689 1103 807 1138 series
827 1101 1067 1138 Psalmorum
1086 1102 1133 1138 ad
1153 1103 1254 1138 idem
1274 1104 1486 1138 carminum
1505 1114 1650 1153 genus
1670 1101 1865 1148 pertinen-

357 1166 454 1200 tium
476 1168 537 1202 vel
563 1168 700 1203 iisdem
718 1168 865 1205 modis
886 1169 1143 1205 canendorum
1163 1183 1205 1205 eo
1226 1170 1531 1217 interrumpitur,
1560 1167 1662 1217 quod
1683 1169 1865 1203 collector

356 1231 454 1268 nihil
466 1235 589 1284 magis
605 1242 726 1281 curat,
748 1248 861 1284 quam
874 1242 916 1271 ut
929 1234 1100 1272 Psalmos
1113 1238 1240 1285 aliquo
1259 1236 1370 1272 modo
1391 1236 1465 1272 sibi
1484 1235 1756 1284 respondentes
1776 1247 1866 1270 con-

355 1306 494 1337 nectat.
553 1300 656 1337 Hinc
675 1301 816 1338 Maskil
834 1302 960 1351 asaph.
984 1304 1034 1338 78
1054 1302 1205 1339 Psalmo
1227 1305 1276 1339 77
1299 1303 1544 1352 subjunctum
1569 1308 1644 1348 est,
1680 1301 1867 1350 siquidem

356 1365 396 1401 hi
433 1364 576 1403 Psalmi
613 1371 937 1417 comparationem
971 1368 1124 1406 Israelis
1162 1383 1247 1406 cum
1283 1383 1402 1421 grege
1439 1382 1678 1406 communem
1712 1368 1866 1414 habent,

356 1445 430 1481 qua
461 1435 569 1471 ambo
600 1437 890 1473 concluduntur.
948 1435 1094 1473 Eadem
1125 1437 1170 1472 de
1196 1450 1310 1473 causa
1335 1450 1523 1487 anonymo
1549 1435 1664 1472 Hodu
1694 1437 1771 1471 107
1799 1447 1867 1471 an-

356 1512 477 1537 nexus
508 1509 565 1538 est
592 1501 652 1539 Ps.
684 1504 882 1541 davidicus
908 1505 1155 1541 secundarius
1178 1506 1275 1550 108,
1304 1506 1443 1553 quippe
1463 1506 1572 1552 cujus
1591 1517 1652 1540 vv.
1670 1504 1708 1538 4.
1732 1501 1767 1538 5.
1790 1503 1869 1538 sint

356 1569 477 1604 instar
502 1572 763 1618 responsionis
792 1574 950 1620 ejusque
975 1571 1243 1619 amplificantis
1269 1571 1316 1607 ad
1336 1570 1397 1608 Ps.
1421 1573 1513 1617 107,
1538 1572 1571 1606 l.
1594 1566 1664 1622 (cf.
1690 1570 1782 1615 107,
1802 1570 1867 1604 31.

356 1631 464 1687 32),
492 1643 529 1672 et
555 1636 706 1674 Psalmo
732 1637 928 1688 Halleluja
958 1640 1034 1674 113
1061 1637 1233 1675 Psalmus
1263 1640 1360 1685 114,
1393 1639 1459 1687 qui
1486 1639 1525 1673 in
1551 1650 1620 1674 usu
1641 1637 1869 1687 parogogici

358 1701 500 1739 Chirek
520 1705 624 1741 illius
647 1711 704 1741 est
722 1707 910 1756 geminus.

467 1767 507 1822 c)
539 1770 745 1808 Praeterea
769 1776 803 1809 si
829 1773 1051 1824 diligentius
1078 1773 1459 1822 investigaverimus,
1489 1783 1556 1806 cur
1576 1772 1676 1806 inter
1696 1769 1868 1807 Psahuos

356 1839 588 1885 aequalitate
601 1841 771 1876 auctoris
785 1841 848 1876 vel
863 1841 1017 1891 generis
1035 1842 1118 1888 conj
1125 1846 1260 1875 unctos
1274 1840 1370 1875 alter
1381 1840 1544 1874 alterum
1557 1844 1739 1887 sequatur
1751 1843 1788 1873 et
1801 1850 1869 1873 cur

354 1901 498 1940 Psalmi
519 1906 769 1957 anepigraphi
788 1909 848 1943 vel
869 1920 1031 1956 quorum
1050 1908 1319 1954 inscriptiones
1344 1907 1489 1941 nullam
1507 1907 1608 1941 inter
1627 1918 1668 1942 se
1687 1906 1868 1941 similitu-

357 1971 483 2007 dinem
501 1971 656 2019 habent,
676 1973 750 2010 hoc
769 1986 881 2023 quem
899 1973 1129 2011 Psalterium
1150 1973 1306 2009 exhibet
1325 1974 1472 2019 ordine,
1498 1985 1574 2009 non
1595 1973 1669 2008 alio
1691 1972 1868 2020 dispositi

356 2040 452 2085 sint,
493 2041 739 2077 collectorem
763 2043 986 2090 plerumque
1013 2043 1167 2092 legem
1200 2041 1455 2091 analogiae
1485 2041 1709 2077 observasse
1736 2039 1869 2087 depre-

356 2105 569 2143 hendimus.
628 2108 678 2143 At
695 2109 736 2144 in
754 2122 799 2145 ea
815 2122 858 2145 re
876 2122 953 2145 non
972 2109 1113 2157 ubique
1133 2109 1188 2144 ita
1205 2114 1379 2144 versatus
1401 2114 1471 2153 est,
1497 2114 1541 2143 ut
1559 2106 1747 2153 Psalmus,
1767 2107 1868 2142 inter

357 2185 451 2221 quos
485 2186 599 2223 quam
631 2177 801 2212 maxima
833 2177 974 2213 indolis
997 2177 1060 2212 vel
1088 2177 1305 2226 argumenti
1332 2170 1572 2211 necessitudo
1598 2173 1868 2220 intercederet,

357 2242 566 2288 copularet,
598 2242 664 2279 sed
690 2244 746 2279 ita
771 2250 815 2279 ut
842 2244 946 2279 initii
971 2244 1033 2280 vel
1057 2243 1144 2279 finis
1174 2241 1317 2279 Psalmi
1344 2243 1457 2278 unius
1478 2254 1564 2278 cum
1583 2242 1694 2277 initio
1714 2241 1776 2277 vel
1792 2239 1869 2276 fine

356 2308 515 2345 alterius
543 2311 722 2360 cognatio
749 2317 816 2347 aut
840 2312 956 2347 etiam
978 2311 1156 2347 binorum
1178 2311 1219 2346 in
1238 2311 1366 2358 aliqua
1387 2309 1555 2345 dictione
1575 2309 1774 2344 consensio
1795 2308 1867 2356 ipsi

357 2374 404 2410 ad
418 2388 482 2412 eos
502 2378 807 2415 concatenandos
823 2378 1030 2415 sufficeret:
1051 2390 1163 2427 quem
1179 2377 1333 2426 quidem
1345 2377 1607 2424 dispositionis
1621 2375 1776 2411 modum
1792 2386 1869 2410 non

358 2449 459 2489 erat,
488 2455 554 2478 cur
573 2443 740 2493 infrasse
766 2445 946 2491 duceret,
978 2458 1064 2481 cum
1083 2446 1186 2493 ipsos
1205 2443 1445 2480 Psalmorum
1470 2450 1646 2480 auctores
1666 2442 1869 2478 nonnullo-

357 2521 443 2544 rum
461 2522 594 2546 versus
612 2512 674 2547 vel
694 2511 747 2547 ad
772 2513 1022 2548 literarum
1048 2512 1260 2548 ordinem
1279 2510 1533 2547 acrostichice
1554 2509 1793 2547 conseruisse
1809 2509 1868 2544 vi-

360 2576 476 2612 deret.
536 2576 671 2626 Neque
694 2591 755 2614 me
778 2580 845 2615 illa
872 2580 910 2614 in
938 2591 979 2614 re
1006 2591 1105 2615 vana
1125 2580 1304 2626 opinione
1324 2578 1462 2615 falsum
1481 2591 1563 2615 esse
1583 2591 1626 2614 eo
1646 2587 1869 2625 persuasum

360 2770 460 2790 unum
475 2761 685 2791 redactorem
700 2763 916 2792 referendum
931 2772 1005 2792 esse
1019 2764 1190 2800 appareat,
1207 2762 1286 2799 jure
1301 2762 1565 2799 qualemcunque
1583 2763 1734 2793 ordinem
1750 2764 1866 2801 postu-

360 2817 477 2847 lamus.
526 2819 622 2847 Hunc
641 2827 722 2847 vero
739 2828 798 2856 par
814 2822 865 2849 est
880 2819 981 2849 talem
997 2828 1070 2849 esse
1087 2818 1143 2856 qui
1161 2818 1301 2857 agnosci
1316 2819 1441 2858 possit,
1461 2828 1589 2859 neque,
1614 2821 1651 2849 ut
1668 2820 1757 2850 infra
1772 2819 1866 2848 vide-

361 2874 479 2912 bimus,
495 2884 569 2903 cum
586 2873 785 2914 Augustino,
802 2875 968 2914 Nysseno,
983 2876 1081 2906 Beda
1096 2885 1136 2906 eo
1155 2875 1429 2915 confugiendum,
1453 2878 1490 2905 ut
1506 2876 1702 2914 mysterium
1719 2877 1870 2905 fortasse

361 2931 424 2968 ipsi
447 2931 625 2961 collectori
645 2931 855 2970 incognitum
876 2932 910 2962 in
933 2942 973 2962 ea
990 2941 1028 2962 re
1049 2932 1155 2962 latere
1183 2932 1344 2971 fingamus
1371 2932 1624 2971 (Serpilius,
1651 2931 1866 2963 Lebens-Be-

361 2986 604 3027 sclereibungen
620 2989 681 3018 der
695 2989 773 3018 bibl.
792 2989 991 3019 Scribenten
1006 2992 1028 3018 t.
1046 2990 1104 3019 IX.
1124 2999 1154 3026 p.
1171 2989 1235 3017 442
1250 2988 1306 3022 3.).
