1956 3270
1014 87 1306 132 -82—

434 204 670 256 minationi
705 202 1014 252 ottomanicae
1050 203 1403 266 succubuerunt,
1436 203 1620 252 multum
1641 204 1880 253 barbariae
1949 264 1951 266 ῃ

433 286 640 334 turcicae
677 281 924 331 contraxit.
993 280 1076 328 Ad
1120 280 1345 332 internam
1379 280 1579 333 indolffln
1616 281 1737 345 quod
1773 282 1883 330 atti-
1949 275 1951 322 {

433 371 526 423 net,
562 368 690 410 tanta
724 367 798 408 est
831 360 951 408 inter
991 359 1193 422 linguam
1240 359 1468 406 arabicam
1513 366 1558 407 et
1603 360 1882 421 hebraicam,

433 447 601 506 quanta
635 438 832 486 maxima
861 454 971 486 esse
1006 443 1177 502 potest,
1214 437 1564 502 occupationum
1602 437 1882 486 studiorum-

432 536 522 584 que
559 517 803 576 distantia3
840 533 1025 579 quarum
1061 514 1206 561 altera
1242 530 1343 562 cum
1380 523 1537 580 aperte
1572 515 1770 563 humana
1805 516 1881 574 sit,

431 598 553 646 haec
595 603 692 645 tota
737 593 994 642 divinitatis
1039 591 1281 656 cujusdam
1323 593 1521 641 videtur.
1611 594 1756 642 Adeo
1794 594 1889 657 legg

431 676 511 724 illa
546 674 761 724 sinaitica
807 689 878 722 ¹›er
914 687 1074 720 omnes
1142 670 1243 717 nasi
1286 687 1436 719 venas
1480 672 1541 718 lin
1573 688 1669 720 ‘uae
1714 672 1883 720 hebra·-

430 755 536 803 icae
570 752 872 819 permanavit,
909 766 1026 812 quae
1063 748 1272 797 doctrina
1308 748 1532 797 divinitus
1568 757 1762 815 accepta
1795 766 1883 815 pe·-

431 833 556 881 nitus
591 831 733 879 tincta
768 835 842 877 est
876 828 1159 891 mirificeque
1202 828 1421 875 colorata.
1492 827 1883 885 Quemadmodum

429 927 524 959 uva
559 925 702 957 succo
738 914 890 955 terrae
926 912 970 954 et
1007 906 1163 954 calore
1199 905 1316 953 solis
1351 906 1580 970 augescit,
1617 906 1689 954 sic
1724 906 1884 969 lingua

428 988 650 1037 hebraica
695 987 836 1033 ubera
882 983 1070 1032 divinae
1124 983 1426 1032 revelationis
1472 983 1600 1031 suxit
1646 990 1693 1031 et
1736 983 1883 1031 radiis

429 1066 619 1114 divinae
655 1063 835 1128 gratiae
871 1064 1139 1111 collustrata
1174 1062 1407 1121 maturuit3
1445 1078 1533 1124 quo
1578 1062 1748 1110 sactum
1794 1068 1883 1122 est,

429 1152 479 1192 ut
515 1145 607 1202 lex,
645 1141 780 1201 fides,
817 1148 864 1190 et
900 1141 974 1204 qui
1010 1140 1119 1189 inde
1156 1147 1511 1202 consequuntur,
1548 1156 1700 1188 mores
1736 1141 1883 1189 affec-

427 1222 674 1284 tionesque
710 1236 774 1268 ex
808 1220 967 1283 lingua
1001 1220 1219 1268 hebraica
1255 1218 1633 1284 splendidissimo
1677 1217 1883 1267 candore

428 1301 682 1350 elucerent.
751 1298 1030 1346 Arabismus
1067 1304 1228 1346 contra
1262 1302 1401 1344 vetus
1436 1296 1523 1343 ima
1554 1313 1591 1344 ‘o
1635 1303 1709 1345 est
1753 1297 1883 1345 vitae

426 1377 715 1454 pomadicae²
751 1375 991 1424 solitariae
1027 1393 1083 1424 ac
1101 1375 1354 1424 bellicosae
1384 1374 1590 1421 Arabum
1627 1375 1882 1438 gentilium,

427 1472 617 1520 quorum
653 1455 790 1502 animi
825 1453 960 1501 modo
996 1453 1238 1501 aramaicis
1285 1453 1692 1518 superstitionibus
1738 1470 1884 1502 occu-
1948 1466 1949 1474 ¹

426 1535 537 1601 pati,
575 1532 710 1582 modo
738 1533 859 1582 omni
895 1532 1123 1595 religione
1158 1531 1296 1579 vacui
1320 1538 1462 1579 erant.
1535 1530 1700 1579 Scatet
1734 1548 1883 1580 voca-
1947 1538 1949 1569 ἲ

427 1613 562 1672 bulis,
600 1628 717 1675 quae
752 1611 812 1659 ad
846 1627 942 1660 rem
978 1610 1187 1658 bellicam
1234 1615 1281 1657 et
1326 1608 1589 1674 pecuariam
1635 1610 1881 1675 pertinent,
1947 1615 1949 1637 ⁴

427 1692 592 1755 quibus
636 1689 884 1755 deincepS‚
930 1688 1287 1736 increbescente
1333 1702 1432 1735 cum
1479 1687 1711 1735 literarum
1758 1689 1883 1738 cultu
1948 1686 1949 1713 ³

428 1769 625 1827 luxuria,
662 1768 868 1816 accessit
903 1767 1074 1830 ingens
1110 1764 1350 1813 mullitudo
1387 1781 1556 1814 vocum
1593 1781 1650 1814 ac
1696 1766 1882 1830 signifi·
1946 1767 1949 1772 ’

426 1849 670 1906 cationum,
709 1863 822 1909 quas
869 1844 1199 1911 spurcissimae
1258 1842 1474 1891 libidines
1518 1852 1879 1909 progenuerunt.
1946 1865 1948 1877 ·

425 1926 612 1992 Reputa
668 1941 830 1989 porro,
885 1930 1098 1986 quantum
1151 1921 1442 1969 intervallum
1486 1922 1547 1969 sit
1590 1923 1882 1986 interjectum

424 2004 544 2051 inter
578 2002 928 2049 Israelitismum
963 2008 1010 2050 et
1053 2001 1282 2048 lslamum.
1362 2000 1580 2063 Namque
1623 2001 1882 2049 Muhamed
1946 2003 1948 2013 ‘

423 2082 516 2130 iste
561 2079 920 2141 QoraishensiS,
966 2080 1032 2128 uti
1078 2094 1246 2126 novam
1292 2078 1567 2141 religionem
1609 2078 1881 2139 introduxit,
1946 2093 1947 2097 ’

423 2162 579 2209 factus
642 2166 716 2207 est
780 2158 917 2207 etiam
979 2158 1167 2221 linguae
1230 2172 1382 2203 novus
1436 2156 1568 2219 quasi
1622 2157 1880 2206 monetalis.

426 2240 582 2298 Quare
610 2235 946 2287 Muhamedani
976 2251 1078 2283 eum
1107 2235 1228 2283 sicut
1261 2233 1484 2282 credendi
1515 2235 1798 2299 magistrum,
1816 2235 1882 2284 ita
1944 2247 1947 2278 ρ

412 2316 612 2366 rdicendi
648 2317 872 2364 artificem
908 2331 1127 2362 summum
1163 2329 1220 2362 ac
1256 2312 1595 2361 sanctissimum
1620 2329 1730 2361 esse
1767 2329 1883 2361 con·
1944 2326 1945 2332 ¹

422 2395 618 2444 tendunt
654 2393 919 2456 Qoranique
953 2393 1183 2440 vocabula
1224 2398 1315 2439 tam
1360 2391 1614 2452 exquisita,
1666 2398 1882 2440 constru-

425 2475 627 2523 ctionem
661 2479 752 2520 tam
789 2471 1005 2519 decoram
1040 2486 1150 2518 esse
1185 2475 1358 2534 putant,
1379 2476 1428 2516 ut
1462 2468 1554 2517 hoc
1588 2470 1882 2535 perfectissi-

423 2571 544 2601 mum
596 2549 772 2599 arabici
826 2548 1054 2596 sermonis
1110 2547 1348 2613 exemplar
1400 2547 1479 2595 vel
1533 2547 1701 2594 imitari
1741 2549 1882 2614 plane

423 2648 517 2680 non
552 2629 752 2678 audeant
785 2627 866 2675 vel
899 2625 1152 2674 imitatione
1204 2641 1290 2673 sua
1334 2625 1531 2691 exprimi
1575 2641 1720 2692 posse
1771 2642 1882 2692 per·
1942 2666 1944 2675 .

400 2715 615 2774 negent.
687 2706 891 2757 Constat
924 2720 1055 2765 vero,
1092 2716 1306 2770 magnam
1340 2703 1669 2752 vocabulorum
1703 2710 1879 2771 partem
1941 2756 1943 2761 ¹

397 2787 475 2837 ‹vi
509 2785 667 2836 Islami
701 2799 853 2834 novas
888 2774 1103 2832 notiones
1137 2781 1412 2850 accepisse,
1445 2798 1633 2849 quarum
1672 2782 1753 2832 vel
1794 2782 1880 2831 ab·
1941 2815 1943 2827 ,
