1956 3270
991 80 1291 130 ...28—

415 201 681 268 plerumque
733 201 782 250 in
834 200 1026 251 abusum
1075 197 1482 265 perversissimum
1534 202 1867 248 commutatum.

415 279 634 344 Majores
670 280 818 328 nostri
850 284 1070 343 (quorum
1113 277 1333 325 memoria
1374 277 1553 325 honore
1597 278 1737 326 multo
1772 296 1870 326 am-
1938 274 1942 299 ³

413 358 575 425 pliori,
611 374 744 421 quam
787 374 922 422 quem
966 355 1178 405 doctrina
1222 355 1402 414 tribuit,
1450 361 1724 404 consecrata
1767 359 1869 418 651)

415 437 701 500 reliquerunt
745 437 885 485 nobis
927 434 1207 500 sempiterna
1249 433 1456 498 ingentis
1513 434 1787 482 eruditionis
1823 440 1872 483 61
1941 436 1943 438 ’

417 514 677 580 stupendae
711 515 969 564 industriae
1004 518 1307 571 monumenta,
1343 513 1509 560 multos
1544 513 1700 560 fontes
1736 512 1871 561 nobis
1943 540 1945 553 ι

416 599 711 659 aperuerunt,
745 605 1056 659 progressus,
1094 591 1169 654 qui
1214 590 1441 657 deinceps
1487 591 1567 639 vel
1609 591 1722 640 sacti
1765 597 1872 640 sunt

417 673 501 720 vel
536 672 638 720 fieri
674 680 901 738 poterant,
947 676 1365 737 praeparaverunt,
1412 670 1551 717 multa
1596 670 1873 736 praesagie-
1930 681 1934 684 ”

415 756 535 810 111111,
571 757 632 811 61,
669 750 792 814 quod
828 751 1011 799 minime
1048 747 1355 814 spernendum
1392 755 1489 808 est,
1540 765 1696 797 eorum
1741 765 1873 797 erro-

416 830 558 890 ribus,
600 846 719 893 quae
753 830 889 878 nobis
927 829 1020 877 sint
1063 826 1339 886 devitanda,
1384 827 1539 876 edocti
1585 844 1769 888 511111115,
1810 833 1872 888 at,

415 908 459 957 51
504 907 887 971 investigationis
942 907 1131 970 linguae
1182 905 1431 954 hebraicae
1475 906 1771 955 fundamenta
1814 907 1872 954 ab

413 987 476 1036 iis
515 989 647 1051 jacta
701 992 914 1052 putares,
969 984 1295 1051 superstitiosa
1341 984 1625 1048 antiquitatis
1669 1001 1873 1033 venera-

414 1066 543 1114 tione
595 1065 827 1113 sallerere.
918 1065 1047 1113 Nam
1103 1063 1179 1127 qui
1229 1062 1492 1112 traditionis
1538 1063 1872 1124 auctoritatem,

414 1142 774 1209 comparationis
808 1143 1044 1191 interioris
1086 1143 1248 1206 leges,
1293 1140 1569 1190 dialecticae
1615 1142 1872 1202 cautiones,

415 1222 638 1270 exoticae
673 1221 793 1269 fines
830 1228 893 1280 et,
931 1221 1053 1285 quod
1090 1227 1227 1286 caput
1263 1227 1351 1280 est,
1387 1220 1547 1269 horum
1583 1220 1875 1285 adjumento-

414 1318 513 1349 rum
548 1300 867 1348 necessariam
904 1299 1280 1364 conjunctionem
1316 1299 1606 1363 legalemque
1641 1295 1873 1365 tempera-

413 1379 587 1427 tionem
622 1395 714 1426 non
749 1386 972 1439 nossent,
1016 1377 1428 1441 investigationem
1475 1377 1667 1441 linguae
1706 1377 1874 1426 sunda-

414 1458 551 1506 visse
606 1457 701 1506 dici
756 1474 849 1506 non
903 1463 1117 1524 possunt.
1207 1456 1418 1503 Exsistit
1468 1472 1591 1504 nunc
1646 1457 1873 1520 quaestio,

416 1542 613 1596 sexta,
669 1552 788 1599 quae
835 1537 1071 1600 sequitur,
1112 1540 1264 1584 aetate
1310 1533 1419 1597 quid
1472 1535 1743 1600 praestitum
1795 1535 1873 1583 sit.

414 1615 523 1663 Hac
558 1620 711 1664 aetate
747 1621 795 1663 et
838 1614 1086 1664 (1131661163
1130 1620 1177 1662 61
1222 1613 1410 1661 exotica
1452 1613 1734 1678 comparatio
1775 1630 1875 1661 am-

414 1694 621 1760 plificata
654 1699 742 1751 est,
777 1693 842 1740 ita
877 1700 1055 1753 tamen,
1098 1698 1148 1740 ut
1194 1708 1378 1757 semper
1419 1691 1668 1740 arabica
1712 1691 1873 1756 lingua

415 1771 736 1820 aramaicis
789 1772 1085 1838 praevaleret
1147 1777 1196 1819 et
1260 1769 1665 1819 neohebraica
1728 1786 1874 1837 prope

415 1867 608 1917 prorsus
644 1851 980 1914 negligeretur.
1050 1848 1352 1898 Judaicarnm
1373 1849 1604 1897 literarum
1623 1866 1735 1897 usus
1770 1849 1874 1915 pla-

414 1946 476 1978 ne
511 1928 750 1978 intercidit
786 1936 833 1978 et
867 1946 895 1976 a
930 1928 1178 1988 nonnullis,
1214 1928 1363 1976 veluti
1399 1945 1428 1975 a
1456 1927 1626 1976 J0.D.
1648 1927 1873 1976 Michae-

412 2009 473 2056 lis
518 2014 602 2071 (m.
650 2007 851 2071 1791.),
898 2008 974 2072 qni
1018 2008 1064 2055 in
1118 2007 1279 2055 verbis
1334 2006 1536 2055 arabicis
1580 2005 1872 2056 inculcandis

411 2093 549 2151 atque
584 2087 721 2136 etiam
755 2086 1113 2135 Alexandrinae
1149 2085 1451 2135 obtrudendis
1485 2085 1622 2151 plane
1642 2100 1872 2150 praeceps

415 2173 492 2214 est
527 2181 584 2214 ac
620 2165 815 2225 devius,
851 2165 932 2213 vel
979 2164 1144 2213 odiose
1190 2165 1458 2229 exagitatus
1505 2170 1592 2212 est.
1673 2164 1872 2228 Etymo-

412 2244 544 2310 logia
579 2244 716 2292 etiam
762 2243 853 2291 hac
896 2249 1050 2292 aetate
1097 2244 1241 2292 certis
1287 2244 1471 2307 legibus
1513 2241 1738 2290 adstricta
1779 2258 1872 2290 11011

416 2330 506 2383 est,
542 2328 589 2371 et
625 2338 714 2385 quo
759 2322 899 2369 latius
945 2321 1099 2370 indies
1144 2322 1431 2371 011611131111111
1475 2321 1710 2369 literarum
1752 2320 1873 2368 fines

415 2400 658 2468 prorogati
695 2406 816 2459 sunt,
852 2416 910 2448 eo
945 2400 1133 2463 longius
1162 2401 1393 2464 latiusque
1414 2400 1686 2463 vagabatur,
1722 2414 1872 2462 eoque

413 2482 562 2544 maj0r
595 2478 834 2543 ingeniolo
871 2478 1150 2527 ostentando
1186 2481 1375 2545 patebat
1409 2494 1612 2544 campus.
1682 2477 1736 2525 N
1740 2477 1871 2541 egari

413 2564 567 2607 tamen
602 2574 694 2606 non
729 2562 902 2623 potest,
938 2556 1092 2604 studia
1126 2556 1344 2605 hebraica
1378 2557 1471 2605 1136
1487 2562 1641 2605 361316
1658 2556 1869 2619 3111111311,-

413 2641 509 2684 111111
544 2635 796 2684 soliditatis
832 2651 889 2684 ac
930 2635 1200 2683 firmamenti
1236 2651 1347 2684 esse
1381 2635 1569 2701 adepta.
1646 2633 1869 2682 Exstite-

414 2720 520 2764 runt
563 2714 683 2763 enim
725 2713 977 2773 triumviri,
1036 2714 1112 2778 qui
1157 2713 1217 2763 de
1261 2713 1510 2764 hebraicae
1554 2713 1742 2777 linguae
1786 2728 1870 2761 co-

415 2792 626 2859 gnitione
646 2791 931 2860 perficienda
948 2793 1190 2859 praeclare
1222 2792 1375 2843 meriti
1400 2798 1522 2854 sunt,
1560 2791 1716 2840 Guil.
1757 2789 1867 2841 Ge-
