1956 3270
1119 239 1173 280 72

389 407 620 457 trilogice
639 402 901 458 (101—1033
925 407 1161 453 108—1103
1186 404 1443 459 Ill—113),
1471 413 1676 456 quaternos
1694 409 1896 445 tetralo-

389 475 496 524 gice
516 468 798 523 (114-117),
831 473 946 522 idque
965 486 1041 509 non
1061 474 1184 509 solum
1202 475 1362 510 consilio
1381 474 1614 520 redactoris,
1646 473 1713 510 sed
1738 477 1896 512 consilio

390 545 647 576 auctorum.
696 539 806 582 Quod
832 553 1061 589 quamquam
1086 541 1239 576 omnino
1266 540 1405 577 falsum
1426 554 1507 577 esse
1525 553 1603 576 non
1622 541 1898 590 contendimus,

390 612 547 654 apparet
565 613 706 654 tamen,
727 608 943 643 cautionem
962 608 1001 642 in
1021 619 1065 642 ea
1084 619 1126 641 re
1144 605 1396 643 adhibendam
1415 621 1511 654 esse,
1542 620 1590 643 ne
1607 607 1708 643 forte
1728 606 1898 646 Psalmo's
1916 603 1918 605 ’
1955 593 1956 598 ¹

390 674 555 719 similes,
583 686 677 722 quos
701 674 939 710 redactorem
960 674 1133 709 consulto
1155 674 1431 721 conquisivisse
1453 680 1748 723 constanterque
1767 687 1899 712 conse·
1954 709 1956 720 ,

387 741 512 776 ruisse
532 741 726 787 novimus,
756 747 1000 789 praepostere
1029 753 1096 788 pro
1130 740 1369 788 comparibus
1396 747 1435 776 et
1458 741 1505 777 ad
1524 741 1685 777 eundem
1704 747 1917 778 auctorem*

388 806 600 843 referendis
619 806 846 853 habeamus,
875 820 961 843 cum
981 807 1189 843 similitudo
1210 807 1408 842 amborum
1426 809 1487 843 vel
1508 809 1620 855 plane
1639 807 1800 844 fortuita
1819 821 1900 844 esse
1953 799 1956 810 ⁴

388 876 511 922 possit
527 875 590 910 vel
610 887 653 910 eo
673 881 778 921 orta,
797 875 899 923 quod
915 881 1029 922 poeta
1047 875 1240 910 recentior
1259 872 1452 910 Psalmum
1473 875 1729 923 antiquiorem
1748 874 1795 910 ad
1813 875 1899 912 imi·
1955 879 1956 883 ’

388 941 547 977 tandum
564 941 637 977 sibi
656 943 867 989 proposuit.
909 940 1052 977 Omnes
1073 942 1169 977 istae
1188 941 1374 991 dilogiae‚
1403 942 1583 992 trilogiae
1609 947 1648 976 et
1671 942 1900 992 tetralogiae

388 1014 477 1044 ante
496 1009 624 1044 omnia
643 1008 869 1044 documento
891 1015 998 1054 sunt,
1022 1007 1261 1043 reductorem
1288 1009 1325 1042 in
1352 1006 1513 1044 Psalmis
1532 1009 1653 1044 instar
1673 1008 1899 1044 annulorum

389 1081 547 1111 catenae
565 1089 586 1111 v
594 1076 628 1111 el
646 1073 785 1112 florum
805 1088 969 1112 coronae
989 1074 1260 1111 connectendis
1278 1075 1399 1111 multa
1420 1088 1505 1111 cum
1530 1075 1688 1111 solertia
1705 1079 1898 1111 versatum

391 1154 484 1178 esse.
