1934 3259
0 0 24 118 l

0 243 21 286 1
51 229 430 288 neohebraicum,
466 226 612 292 quod,
650 243 752 276 cum
784 227 952 277 iisdem
985 227 1136 277 literis
1171 233 1377 289 constet,
1424 245 1505 276 ra-

0 293 20 374 il
53 310 201 359 dicem
254 315 404 358 tamen
463 307 698 355 diversam
749 306 914 368 habet,
969 323 1072 356 cum
1117 308 1269 356 veteri
1312 307 1503 357 commi-

0 388 19 443 ἶιῑ
54 405 192 438 sceas
239 395 315 436 aut
361 387 571 436 derivata
613 387 860 434 verborum
899 402 1018 434 sono
1055 386 1282 447 similium,
1329 387 1502 435 virtute

0 459 18 532 lt
52 467 412 533 discrepantium
447 464 719 525 confundas,
765 481 825 513 ne
860 464 1247 528 significationes,
1284 482 1417 530 quae,
1453 470 1504 513 ut

0 547 17 616 j.
51 546 277 606 vidimus,
336 545 487 594 multis
541 543 785 592 vocabulis
838 544 1038 607 antiquis
1090 544 1139 592 in
1191 544 1504 593 neohebraica

13 626 16 649 ³
52 626 210 689 lingua
245 624 448 691 receptis
483 622 863 689 interpretatione
898 623 1176 688 pervulgata
1201 623 1386 672 attribui
1421 616 1534 672 so-'¹

12 763 13 769 ἵ
51 704 163 752 litae
199 710 328 763 sunt,
373 702 499 751 illico
534 703 720 750 nativas
754 718 811 750 ac
845 702 1086 768 primarias
1123 718 1237 751 esse
1287 703 1503 767 opinere3

0 782 15 860 (l
50 781 249 846 denique
292 799 352 831 ne
394 782 607 845 linguae,
656 781 730 830 cui
772 780 1050 829 rabinismus
1094 781 1279 847 penitus
1314 781 1504 840 insedit,

0 862 13 929 lg
49 861 234 909 nimium
268 860 402 909 fidas.
460 859 641 919 Quodsi
675 860 766 909 hac
800 860 980 909 ratione
1018 868 1198 909 cautum
1234 859 1505 926 providum-

0 937 13 1012 ἐξ
50 956 140 1004 que
180 940 228 988 in
272 939 1136 1007 linguassecdl‘ehtaissa‚comparanda
1187 946 1235 988 te
1269 946 1501 1005 praestes,

0 1017 12 1065 l
49 1017 661 1081 mirabiles„utilitates-,ad
701 1017 1015 1081 antiquitatem
1058 1018 1378 1066 illustrandam
1421 1018 1505 1067 tibi

0 1091 11 1155 [ll
48 1098 300 1163 praebebit.
347 1097 957 1166 ‘Bri-niunifflrepraesentabit
987 1097 1068 1145 tibi
1094 1097 1368 1162 innumeras
1391 1113 1503 1145 ver·
1568 1118 1573 1140 ε

0 1164 10 1258 [ᾗ
49 1177 206 1226 borum
217 1213 262 1242 ,⁴-
270 1177 504 1241 nqminum
544 1177 959 1243 particularumque
1003 1176 1200 1237 formas,
1253 1176 1504 1224 inusitatas

6 1275 9 1325 Ἰ
47 1255 155 1304 illas
207 1257 255 1304 in
309 1257 540 1322 scriptura
589 1272 726 1305 sacra
773 1262 820 1304 et
871 1261 1024 1304 tamen
1071 1257 1191 1305 bene
1240 1255 1504 1316 hebraicas,

5 1337 9 1395 l
49 1351 167 1398 quae
201 1334 540 1401 lexicographo
575 1334 863 1400 potissimum
899 1335 1020 1383 scitu
1050 1341 1157 1382 sunt
1187 1335 1504 1395 necessariae,

5 1399 8 1461 i
49 1413 98 1461 in
142 1414 218 1461 llis
263 1414 438 1462 formas
475 1412 740 1477 singulares
775 1414 1018 1479 pluralium
1052 1420 1224 1461 tantum
1272 1420 1319 1462 et
1353 1414 1506 1463 vicis-

50 1491 137 1540 Sim
170 1493 374 1557 plurales
411 1491 711 1556 singularium
758 1498 957 1552 tantum,
1002 1492 1188 1540 nomina
1221 1493 1382 1541 verbis
1419 1492 1505 1542 de-

2 1567 6 1606 ἷ
47 1570 344 1623 nominativis
390 1572 626 1634 subJ'ecta,
672 1570 907 1636 primitiva
955 1571 1194 1619 multorum
1241 1578 1287 1619 et
1331 1573 1506 1620 verbo-

47 1666 144 1697 rum
189 1656 236 1697 et
270 1648 499 1696 nominum
535 1648 939 1709 secundariorum,
983 1649 1196 1697 similium
1242 1649 1302 1697 ad
1336 1651 1506 1699 illumi-

47 1727 226 1775 nandas
263 1728 655 1776 conformationes
701 1727 1036 1776 insolentiores
1072 1728 1405 1778 multitudinem
1441 1737 1502 1791 et,

47 1812 98 1854 ut
141 1806 275 1855 brevi
321 1806 627 1871 complectar,
672 1807 912 1854 multarum
958 1822 1109 1853 rerum
1154 1807 1326 1870 alioqui
1368 1809 1505 1874 plane

0 1896 4 1940 Ι
48 1892 331 1950 opertarum,
376 1885 425 1932 in
469 1884 633 1947 quibus
677 1890 751 1933 est
797 1885 933 1933 etiam
979 1885 1174 1949 generis
1210 1886 1504 1950 ambiguitas,

0 1945 3 1978 ξ
46 1963 404 2030 patefactionem
446 1993 513 1999 --
556 1980 676 2027 quae
723 1979 825 2012 cum
868 1964 1031 2011 librum
1089 1964 1374 2028 singularem
1426 1982 1506 2014 re-

47 2043 252 2106 quirant,
307 2042 423 2090 satis
479 2041 630 2091 habeo
681 2042 742 2090 ad
788 2043 1002 2108 exempla
1046 2043 1094 2090 in
1138 2044 1508 2093 Concordantiis

627 112 961 158 —103—

46 2120 263 2187 disperse
299 2121 539 2187 proposita
572 2121 789 2185 legentes
825 2122 1144 2185 ablegavisse.
1181 2123 1506 2189 ,Dss511d9fi11-
1550 2153 1610 2181 2,—

45 2216 141 2265 gua
174 2200 484 2248 neohebraica
520 2201 760 2258 multorum
794 2201 1050 2254 verborum
1076 2201 1125 2248 in
1160 2202 1391 2267 scriptura
1426 2218 1507 2251 sa-

48 2295 128 2327 cra
181 2278 259 2326 vel
304 2295 595 2344 perrarorum
647 2279 726 2327 vel
772 2279 918 2327 semel
964 2280 1240 2345 scriptorum
1288 2284 1504 2344 (quorum

47 2374 162 2404 usus
196 2363 358 2423 patere
402 2358 523 2424 apud
560 2375 662 2407 eam
698 2358 819 2405 solet
856 2357 1108 2420 latissime)
1153 2359 1314 2407 varias
1352 2360 1506 2407 multi-

48 2435 286 2501 plicesque
326 2443 608 2504 potestates
636 2437 848 2497 exhibet,
900 2437 966 2484 ita
1011 2444 1060 2485 ut
1094 2437 1155 2484 ad
1192 2439 1504 2502 significatio-

47 2530 152 2562 nem
188 2515 389 2564 nativam
422 2523 669 2581 penetrare
704 2516 844 2564 facile
873 2516 1048 2581 possis.
1121 2515 1209 2566 Sic
1243 2535 1323 2564 vv.
1361 2533 1420 2586 3333
1457 2525 1505 2566 et

48 2605 122 2661 333
162 2592 206 2639 in
245 2608 335 2641 scr.
373 2611 411 2641 s.
440 2594 752 2644 tantummodo
789 2595 935 2643 semel
965 2602 1189 2661 usurpata
1213 2596 1335 2657 (Rut
1354 2596 1399 2655 1,
1421 2596 1502 2644 13.

48 2670 141 2719 Ez.
179 2671 259 2731 42,
296 2671 404 2733 12.)
451 2690 542 2721 non
588 2675 734 2722 solnm
782 2674 886 2740 ipsa
929 2674 1229 2722 neohebraici
1271 2675 1502 2723 sermonis

47 2751 234 2815 propria
268 2756 391 2810 sunt,
426 2751 514 2799 sed
548 2753 684 2801 etiam
720 2754 956 2819 complura
990 2753 1203 2801 derivata
1236 2770 1509 2818 progenue-

47 2834 166 2876 runt.
245 2828 297 2876 A
332 2829 676 2893 significatione
720 2831 961 2881 detinendi
1005 2831 1320 2893 retinendive,
1367 2849 1501 2897 quam
