1934 3259
642 99 946 145 „21-

63 221 151 282 tia,
195 236 284 285 qua
327 218 532 284 linguam
572 214 839 265 hebraicam
893 215 1026 279 quasi
1080 215 1257 282 pridem
1302 221 1522 266 mortuam

62 298 393 350 miserabiliter
437 295 745 345 attrectabant
781 294 995 358 omnique
1030 295 1320 344 institutione
1357 313 1524 362 super-

61 378 221 427 sederi
255 393 402 444 posse
437 375 715 433 censebant,
751 379 853 421 orta
897 379 972 421 est
1018 380 1321 437 systematum
1365 374 1525 441 hypo-

60 457 351 520 thesiumque
388 454 680 503 ridicularum
715 468 884 516 magna
919 450 1184 512 multitudo,
1220 453 1266 500 in
1304 470 1444 516 quas,
1481 453 1524 501 si

61 551 344 603 synagogae
380 532 670 598 disciplinam
706 530 852 597 pluris
878 529 1110 579 fecissent
1145 533 1343 594 ejusque
1380 547 1523 597 opera

61 613 359 680 grammatica
395 610 668 675 diligentius
705 609 898 658 scrutati
944 615 1129 667 essent,
1176 608 1385 658 incidere
1430 627 1521 658 non

61 698 288 759 poterant.
357 690 473 738 Inde
509 689 555 737 in
591 687 994 753 lexicographiam
1036 688 1326 753 irrepserunt
1360 688 1439 735 illa
1473 689 1522 736 in

62 769 482 835 significationibus
518 767 797 817 definiendis
836 783 894 815 ac
930 765 1203 814 derivandis
1238 767 1318 816 vel
1354 783 1522 832 super-

61 850 247 899 stitiosa
280 847 523 897 hariolatio
570 847 649 895 vel
695 846 942 895 dialectica
990 845 1248 905 subtilitas,
1296 844 1345 892 in
1392 862 1522 909 quam

60 934 321 995 systemata
357 933 404 976 et
439 926 764 993 philosophica
811 931 858 974 et
903 924 1171 988 dogmatica
1215 930 1385 971 tantam
1427 923 1523 971 vim

58 1007 328 1065 habuerunt,
364 1013 413 1054 ut
449 1005 621 1053 Samis
646 1004 860 1069 Pafflzim’
892 1002 1102 1051 lexidion
1140 1003 1264 1051 clavi
1287 1001 1522 1051 δέοι-Μα-

58 1102 151 1134 nae
205 1085 367 1133 merito
423 1085 686 1151 praeferas3
730 1082 841 1131 inde
896 1089 1004 1129 nata
1059 1089 1165 1130 sunt
1221 1098 1392 1131 arcana
1441 1081 1522 1129 illa

58 1164 217 1231 spissa
253 1180 309 1212 ac
345 1164 601 1223 salebrosa,
639 1180 757 1226 quae
792 1178 876 1228 per
911 1168 1008 1210 tota
1044 1161 1204 1209 secula
1229 1160 1522 1209 discentibus

57 1242 361 1292 offensionem
415 1250 552 1305 atque
604 1242 841 1290 fastidium
893 1246 1196 1300 creaverunt,
1253 1239 1417 1290 Cubus
1475 1245 1523 1288 et

0 1343 1 1347 ¹
56 1321 343 1381 Quadratum
379 1321 737 1370 Grammaticum
777 1319 923 1368 Ele'ae
967 1319 1176 1367 Hutt'eri
1218 1317 1427 1381 (1590),
1474 1325 1522 1367 et

59 1406 273 1466 systema
306 1399 430 1448 istuc
464 1400 719 1459 Morarum,
757 1417 783 1446 a
819 1399 934 1446 Jac.
973 1397 1187 1461 Altinffl‘o
1235 1401 1319 1460 (m.
1357 1396 1519 1458 1699)

58 1478 296 1526 inventum
333 1484 379 1526 et
415 1496 442 1525 a
477 1477 529 1524 J.
567 1477 630 1524 A.
667 1476 870 1525 Danzio
909 1480 991 1538 [m.
1041 1476 1199 1539 1727)
1246 1476 1519 1541 perfectum,

56 1556 104 1605 in
150 1571 238 1619 quo
292 1557 422 1604 multi
476 1572 624 1618 usque
680 1555 740 1603 ad
797 1562 1003 1603 nostram
1054 1554 1316 1603 memoriam
1371 1555 1520 1606 oleum

56 1651 334 1702 operamque
353 1633 669 1701 perdiderunt.
738 1633 1046 1682 Emerserunt
1074 1633 1183 1682 inde
1218 1633 1377 1682 irritae
1411 1633 1521 1685 illae

57 1713 118 1763 de
152 1714 298 1762 forma
333 1714 662 1780 scripturarum
699 1712 1113 1777 metrorhythmica
1154 1712 1518 1774 lucubrationes,

56 1809 275 1842 numerus
339 1809 490 1860 paene
543 1790 843 1841 incredibilis
881 1790 1339 1855 accentuologiarum
1385 1791 1519 1855 quasi

57 1872 340 1934 biblicarum,
377 1889 495 1937 quae
531 1870 591 1919 ad
625 1888 762 1919 unum
799 1871 950 1919 omnia
968 1870 1140 1936 impetu
1167 1870 1349 1934 gravia,
1387 1871 1519 1919 exitu

58 1967 184 1999 vana
218 1951 414 1999 suerunt.
486 1950 590 2000 Sed
627 1957 713 2013 (ne
749 1949 856 1997 finis
902 1949 1044 2013 hujus
1090 1949 1314 1997 tertiae
1349 1949 1518 1997 aetatis

58 2029 253 2078 ulterius
287 2029 632 2094 transgrediar]
671 2028 938 2077 asseruisse
975 2034 1049 2076 sat
1084 2027 1257 2088 habeo,
1294 2027 1518 2092 quidquid

56 2107 149 2158 hac
184 2114 338 2158 aetate
375 2107 687 2159 orthodoxiae
731 2107 1116 2172 grammatica
1161 2107 1391 2171 exegesis
1437 2125 1518 2155 sa-

55 2205 160 2236 num
181 2195 319 2252 atque
335 2188 563 2237 historice
583 2188 925 2253 comprobatum
946 2185 1172 2245 habuerit,
1211 2201 1274 2234 ex
1299 2202 1516 2251 synago-

56 2282 150 2331 gae
184 2266 433 2334 disciplina
468 2266 684 2325 fluxisse,
723 2271 882 2314 cetera
916 2265 1068 2330 ipsius
1099 2265 1395 2328 arrogantiae
1431 2264 1518 2314 de-

56 2345 170 2395 beri.
251 2346 366 2395 Nec
419 2362 537 2394 vero
592 2344 757 2408 negari
801 2350 985 2411 potest,
1031 2344 1222 2408 linguae
1266 2343 1518 2396 hebraicae

57 2423 214 2472 studia
245 2424 294 2473 in
327 2425 420 2474 hoc
464 2424 865 2488 quantulocunque
910 2422 1187 2489 disciplinae
1239 2439 1518 2488 synagoga-

58 2502 118 2550 lis
153 2521 243 2551 usu
276 2503 455 2567 aliquos
490 2511 643 2551 tamen
677 2519 964 2569 progressus
999 2502 1192 2551 secisse.
1261 2502 1389 2550 Nam
1425 2501 1516 2550 etsi

57 2582 220 2631 literae
255 2581 477 2646 judaicae
533 2582 776 2630 maximam
820 2588 996 2647 partem
1041 2580 1240 2630 consilio
1285 2580 1516 2647 polemico

57 2663 370 2711 tractabantur
413 2667 461 2711 et
503 2660 644 2710 valde
688 2661 960 2727 imperfecta
995 2666 1095 2708 erat
1129 2659 1177 2707 in
1212 2660 1516 2708 tractantibus

57 2739 367 2805 intelligendi,
403 2739 570 2788 nedum
606 2738 904 2789 examinandi
924 2739 1147 2790 facultas:
1183 2744 1334 2786 tamen
1358 2738 1508 2787 eccle-

62 2817 136 2869 sia
186 2818 247 2868 ad
301 2834 456 2869 earum
507 2818 763 2884 penetralia
814 2815 1151 2884 quodammodo
1208 2816 1297 2866 sibi
1342 2815 1513 2865 aditum
