1956 3270
1100 217 1154 259 28

374 389 504 436 paucis
526 387 619 422 locis
641 388 825 434 exceptis,
851 399 926 422 non
945 399 1142 434 usurpare,
1168 387 1242 422 nisi
1263 388 1327 423 ubi
1347 391 1438 419 ruffi*
1465 399 1540 422 non
1566 393 1648 422 erat
1667 400 1880 422 accommo-

377 456 518 499 datum,
540 454 605 489 sed
623 466 742 501 aeque
760 466 893 489 verum
913 460 981 499 est,
1004 453 1227 490 elohimicos
1246 467 1289 489 eo
1310 455 1367 489 uti
1388 455 1502 489 etiam
1522 454 1588 499 ibi,
1608 454 1672 488 ubi
1693 458 1783 485 ruffi
1803 459 1884 488 erat

376 520 825 566 accommodatissimum,
854 522 916 557 vel
943 520 1129 569 ejusmodi
1157 521 1196 555 in
1222 527 1417 567 contextu,
1449 522 1488 556 in
1515 533 1587 569 quo
1615 522 1696 556 sive
1720 521 1813 555 alias
1846 521 1885 554 in

376 587 563 624 Psalterio
592 589 673 623 sive
700 589 738 622 in
765 589 859 623 locis
886 589 1049 623 aliorum
1074 587 1259 622 librorum
1277 587 1320 623 V.
1343 587 1408 633 T.,
1430 600 1523 635 quos
1548 594 1636 622 ante
1661 588 1791 622 oculos
1818 585 1885 622 ha·-

377 657 478 701 bent,
504 656 628 702 ipsum
647 654 741 690 illud
761 659 852 687 rim-*1*
872 656 1055 701 scriptum
1076 655 1228 704 legitur.
1287 654 1459 700 Accedit,
1488 654 1587 702 quod
1608 655 1645 689 in
1667 655 1886 689 universum

377 736 411 758 u.
431 716 552 756 12*an
570 734 638 769 pro
660 721 878 772 significatu
898 734 964 757 suo
989 722 1125 756 latiore
1144 721 1289 756 nomini
1311 725 1401 753 ffiffi
1421 722 1546 757 ubivis
1567 721 1745 757 substitui
1764 726 1889 768 potest

377 784 472 841 (non
497 791 583 825 vice
609 784 739 840 versa)
769 795 807 823 et
832 788 931 836 quod
956 787 1039 841 Pss.
1061 787 1257 837 ‘elohimici
1282 801 1317 827 n.
1342 782 1462 822 Dffibx
1487 789 1527 824 vi
1552 789 1717 824 nominis
1742 788 1887 834 proprii

377 863 482 892 tanta
503 868 589 892 cum
608 857 775 891 notionis
795 856 985 905 gravitate
1005 855 1049 890 de
1069 853 1151 890 Deo
1171 868 1261 890 vero
1282 861 1479 902 usurpant,
1506 861 1548 889 ut
1566 855 1740 902 plurimis
1767 855 1806 889 in
1833 855 1888 889 lo—

377 925 432 960 cis
452 936 589 959 nomen
611 928 702 955 Um*
723 924 944 970 aequiparet
971 929 1008 957 et
1033 935 1118 957 cum
1139 935 1181 957 eo
1205 923 1430 957 commutari
1450 923 1581 969 possit.
1640 920 1750 956 Licet
1769 921 1889 971 igitur

377 996 529 1026 exstent
559 991 654 1035 loci,
700 990 836 1037 quibus
872 990 1078 1036 scriptores
1119 991 1273 1024 nomine
1314 985 1434 1022 ΕἾΠΒΝ
1477 994 1626 1024 utentes
1668 989 1888 1023 necessitati

352 1094 353 1097 ,
377 1059 548 1105 paruisse
579 1057 730 1092 dicendi
761 1057 837 1092 sint
869 1052 949 1105 (vel
978 1057 1273 1106 grammaticae,
1304 1057 1410 1092 velut
1436 1055 1501 1100 58,
1531 1056 1607 1101 12.,
1638 1056 1699 1091 vel
1725 1055 1889 1104 logicae,

376 1127 482 1161 velut
503 1124 568 1169 59,
590 1120 694 1173 14),
721 1130 846 1158 tamen
871 1124 907 1157 in
926 1124 1039 1172 longe
1058 1124 1233 1169 plurimis
1253 1123 1384 1158 eodeni
1399 1125 1487 1171 jure
1508 1127 1599 1154 ιἼἾΠἾ
1616 1122 1707 1169 poni
1727 1127 1890 1168 poterat,

378 1193 517 1240 quippe
543 1203 628 1226 cum
653 1202 729 1225 non
756 1189 801 1224 de
825 1188 907 1224 Deo
939 1196 1118 1237 tanquam
1147 1189 1364 1239 theologiae
1389 1190 1574 1224 naturalis
1595 1189 1746 1236 objecto
1766 1200 1888 1223 sermo

378 1261 441 1305 sit,
473 1258 538 1294 sed
559 1258 604 1292 de
624 1256 705 1292 Deo
727 1258 911 1301 revelato,
938 1258 1003 1305 qui
1022 1257 1197 1291 inclitum
1218 1257 1291 1292 sibi
1308 1269 1445 1291 nomen
1465 1256 1577 1301 fecit,
1602 1256 1647 1290 de
1666 1254 1748 1291 Deo
1768 1254 1890 1291 Israe-

379 1328 439 1371 lis,
461 1326 526 1373 qui
545 1324 826 1373 Hierosolymis
848 1324 886 1358 in
908 1325 1046 1370 templo
1067 1323 1222 1368 residet,
1252 1323 1297 1358 de
1316 1322 1398 1358 Deo
1418 1324 1566 1373 gratiae
1585 1335 1628 1358 ac
1647 1323 1795 1367 salutis,
1814 1334 1889 1357 uno

377 1393 494 1429 verbo
521 1392 566 1427 de
593 1390 757 1435 Elolzim,
789 1392 854 1438 qui
883 1392 1041 1438 speciali
1064 1391 1301 1426 revelatione
1326 1403 1366 1425 se
1390 1388 1580 1425 Jelzomm
1605 1390 1812 1437 praestitit,
1846 1402 1890 1424 ac

377 1467 505 1495 tamen
529 1459 737 1494 universali
764 1471 831 1493 suo
853 1458 1019 1492 dominio
1040 1464 1163 1492 totum
1182 1458 1312 1492 orbem
1331 1457 1612 1504 complectitur:
1645 1469 1762 1504 quare
1781 1456 1890 1491 indo-

379 1528 432 1563 les
451 1525 531 1563 Pss.
554 1527 716 1561 aliorum
737 1524 953 1570 elohimica,
985 1526 1147 1560 aliorum
1171 1524 1351 1572 jehovica
1378 1525 1493 1559 etiam
1519 1536 1564 1558 ex
1590 1523 1752 1559 adhibiti
1771 1517 1891 1556 Dffib&

378 1601 444 1630 aut
473 1598 564 1625 ffiffl
595 1594 823 1628 necessitate
855 1593 1041 1639 explicari
1072 1593 1205 1639 nequit
1223 1590 1306 1642 ³3).
1367 1590 1563 1632 Quomodo
1595 1591 1716 1640 igitur
1747 1589 1892 1625 factum

380 1786 573 1823 expendere
593 1785 768 1821 debebant,
793 1784 825 1812 in
848 1784 899 1812 his
922 1784 1252 1824 Ilengsterzbergins,
1277 1783 1333 1819 qui
1355 1782 1419 1811 hoc
1444 1783 1569 1811 illudve
1584 1782 1647 1811 Dei
1667 1791 1790 1811 nomen
1808 1790 1890 1810 con-

380 1845 493 1872 textus
514 1840 634 1870 natura
660 1841 712 1869 vel
736 1840 913 1877 scriptoris
934 1840 1078 1869 consilio
1098 1840 1292 1869 necessario
1307 1839 1434 1876 requiri
1449 1848 1508 1876 per
1524 1839 1658 1877 singula
1674 1837 1890 1868 Pentateuchi

380 1909 474 1936 capp.
490 1899 720 1927 demonstrare
735 1905 836 1934 posse
853 1896 914 1926 sibi
932 1897 1022 1925 visus
1038 1899 1098 1925 est.
1123 1912 1168 1917 -
1194 1897 1282 1924 idem
1299 1905 1473 1924 numerum
1489 1904 1622 1932 quoque
1640 1895 1812 1924 nominum
1827 1893 1891 1922 Dei

380 1956 428 1994 (id
440 1956 529 1992 quod
538 1954 679 1983 strictim
688 1955 817 1982 tantum
826 1953 890 1982 hoc
904 1953 980 1982 loco
993 1953 1160 1991 attingere
1173 1951 1364 1990 possumus)
1374 1952 1526 1988 plurimis
1539 1952 1572 1980 in
1582 1953 1651 1981 Pss.
1661 1950 1818 1980 consulto
1831 1950 1890 1979 de-

381 2012 501 2041 lectum
512 2020 585 2040 esse
596 2012 628 2039 et
637 2010 915 2049 significationem
929 2010 1144 2047 symbolicam
1162 2009 1284 2037 habere
1300 2008 1498 2044 arbitratur;
1515 2018 1547 2036 n.
1558 2008 1621 2037 Dei
1635 2010 1697 2036 ter
1712 2006 1890 2044 repetitum

380 2067 648 2098 benedictionem
661 2066 916 2104 sacerdotalem,
929 2076 946 2102 q
958 2066 1027 2095 uin
1037 2066 1103 2102 qui
1115 2075 1130 2094 e
1141 2075 1154 2094 s
1171 2065 1203 2094 id
1219 2066 1308 2101 quod
1322 2065 1553 2102 imperfectum
1567 2066 1662 2094 estet
1672 2063 1890 2096 dimidiatum,

381 2135 395 2154 s
405 2134 449 2162 ep
459 2124 516 2153 tic
526 2133 540 2153 s
556 2124 676 2153 foedus
690 2123 842 2151 Jehovae
859 2125 891 2151 et
908 2123 1053 2159 Israelis,
1081 2123 1099 2151 d
1109 2132 1125 2150 e
1134 2131 1149 2150 c
1159 2122 1168 2150 i
1179 2132 1195 2150 e
1206 2131 1220 2150 s
1239 2122 1495 2158 perfectionem,
1522 2121 1542 2149 d
1552 2131 1569 2150 u
1581 2130 1600 2150 o
1611 2121 1629 2149 d
1640 2130 1656 2149 e
1665 2129 1681 2149 c
1691 2120 1701 2148 i
1710 2129 1727 2148 e
1736 2129 1751 2148 s
1772 2119 1892 2148 foedus

381 2183 413 2210 et
435 2181 593 2218 populum
614 2180 764 2209 foederis
784 2179 926 2208 innuere
949 2179 1011 2217 ait,
1031 2188 1116 2215 quae
1132 2179 1340 2216 conjectura,
1361 2180 1400 2207 ab
1417 2187 1457 2206 eo
1472 2177 1595 2206 acriter
1610 2177 1760 2214 defensa,
1781 2176 1815 2204 in
1832 2184 1891 2204 oe-

381 2237 538 2267 conomia
564 2236 775 2274 singulorum
804 2237 873 2265 Pss.
902 2235 1091 2265 definienda
1116 2235 1255 2264 maximi
1279 2237 1330 2263 est
1357 2235 1445 2271 apud
1478 2234 1587 2271 ipsum
1620 2232 1790 2270 ponderis.
1849 2232 1891 2259 At

381 2294 409 2323 si
441 2293 584 2330 primum
617 2295 649 2322 et
682 2294 835 2329 quartum
867 2292 986 2321 librum
1017 2292 1227 2321 Psalmorum
1264 2290 1539 2328 perlustraveris,
1577 2299 1699 2318 nomen
1727 2288 1790 2317 Dei
1817 2288 1892 2325 (Je-

380 2349 505 2387 hovae)
526 2349 675 2378 omnium
696 2349 834 2378 omnino
856 2357 1073 2377 numerorum
1095 2348 1247 2377 ordinem
1268 2356 1478 2385 percurrere,
1502 2347 1630 2375 nullum
1645 2354 1818 2374 numerum
1836 2353 1892 2373 ce—

381 2407 462 2435 teris
490 2405 654 2444 dignitate
681 2405 909 2442 antepositum
935 2405 1083 2441 videbis;
1111 2413 1189 2433 nam
1215 2404 1252 2433 bi
1263 2413 1276 2432 s
1301 2403 1473 2440 reperitur
1497 2412 1529 2431 n.
1554 2408 1633 2431 «Ἧι-ν’
1660 2403 1695 2430 ἰη
1715 2403 1785 2430 Pss.
1807 2402 1837 2428 1.
1860 2401 1890 2428 8.

381 2465 432 2492 15.
449 2463 501 2490 23.
518 2463 569 2490 36.
587 2462 638 2490 39.
655 2464 707 2490 90.
726 2463 778 2490 91.
795 2463 890 2497 101.;
917 2463 980 2490 ter
1002 2462 1032 2489 2.
1047 2461 1098 2489 13.
1117 2462 1166 2489 17.
1183 2461 1234 2489 38.
1252 2461 1324 2495 95.;
1351 2462 1501 2495 quater
1521 2461 1573 2489 14.
1598 2461 1650 2488 16.
1666 2459 1718 2487 21.
1735 2458 1788 2486 32.
1803 2458 1892 2493 100·.·;

381 2530 398 2556 q
411 2518 607 2554 uinquies
628 2519 658 2546 4.
683 2519 779 2545 5.10.
799 2519 852 2546 11.
871 2519 923 2545 112.
940 2519 992 2545 20.
1008 2518 1060 2545 28.
1076 2518 1129 2545 41.
1149 2517 1201 2545 93.
1217 2517 1312 2551 105.;
1339 2525 1381 2544 se
1394 2516 1483 2545 xies
1504 2517 1534 2544 3.
1549 2517 1602 2544 22.
1619 2516 1672 2544 24.
1688 2516 1741 2543 26.
1759 2516 1809 2542 97.
1826 2515 1891 2549 98.;

382 2575 545 2612 septies
568 2575 597 2602 7.
617 2575 668 2603 19.
685 2575 737 2603 92.
755 2575 916 2610 99.1⁰2.;
944 2573 1080 2602 octies
1102 2575 1132 2601 6.
1149 2573 1290 2601 35.104.
1307 2573 1395 2608 106.;
1422 2582 1442 2600 n
1455 2572 1571 2601 ovies
1597 2574 1626 2600 9.
1642 2573 1693 2600 40.
1712 2572 1763 2599 94.
1780 2571 1829 2610 (et
1842 2568 1891 2598 bis

373 2632 455 2669 'ri->3
473 2631 612 2660 decies
628 2632 679 2659 25.
696 2632 747 2660 30.
765 2632 830 2667 31.;
859 2629 1056 2659 undecies
1072 2630 1229 2665 96.103.;
1256 2629 1480 2658 duodecies
1496 2629 1562 2665 33.;
1589 2627 1731 2657 decies
1749 2630 1811 2656 ter
1826 2626 1891 2660 27.;

382 2688 525 2717 decies
546 2687 769 2723 quinquies
790 2688 856 2722 37.;
884 2686 1024 2715 decies
1048 2685 1185 2714 sexies
1206 2687 1259 2713 18.
1284 2686 1355 2721 34.;
1382 2685 1521 2714 decies
1542 2685 1676 2714 octies
1697 2685 1749 2712 29.
1797 2681 1891 2711 Unde

383 2747 434 2773 sat
454 2744 624 2773 luculente
645 2745 801 2781 apparet,
830 2743 1021 2772 Psalmistas
1040 2751 1215 2771 numerum
1237 2741 1384 2770 nominis
1405 2741 1509 2770 divini
1529 2741 1561 2769 in
1583 2740 1722 2769 Psalmis
1742 2739 1891 2776 ipsorum

383 2801 575 2839 eligendum
590 2809 658 2828 non
675 2809 748 2828 esse
765 2799 1035 2836 praemeditatos.
1816 2786 1819 2790 .

474 2857 530 2894 33)
557 2857 629 2885 Hoc
653 2855 724 2892 ipse
753 2856 1064 2893 Hengstenbergius
1085 2854 1257 2890 concedit,
1288 2864 1361 2883 cum
1387 2853 1640 2883 animadvertit:
1690 2851 1772 2891 „An
1799 2851 1893 2880 einer

383 2914 502 2952 Menge
516 2923 579 2942 von
597 2913 737 2949 Stellen,
767 2912 975 2941 nanwncla‘ela
998 2913 1031 2940 in
1052 2912 1114 2940 den
1133 2910 1304 2947 Psalmen,
1334 2911 1420 2939 wz'rd
1431 2911 1494 2940 dos
1509 2909 1643 2939 Eloln'm.
1663 2907 1812 2947 gewiilelt
1832 2906 1892 2934 mit

385 2969 566 2999 lerion-siem
588 2969 659 3008 ans
673 2969 734 2997 den
756 2968 954 2997 Mis-brand!
975 2969 1032 2997 des
1047 2967 1194 3003 Jehova,
1224 2967 1370 2996 welz-her
1383 2967 1445 2996 den
1459 2976 1505 2995 an
1520 2966 1660 3006 nndfiir
1672 2964 1744 2994 siclt
1757 2962 1889 2993 stiirke-

386 3036 447 3057 ren
461 3025 593 3055 Numen
607 3027 640 3054 in
654 3026 717 3054 den
732 3024 975 3055 sclmvir'cherea
989 3024 1218 3054 ver-mandene
1228 3023 1249 3040 “
1269 3022 1467 3060 (Anthentie
1482 3023 1539 3052 des
1554 3023 1648 3052 Pent.
1666 3022 1687 3050 t.
1703 3021 1726 3049 1.
1741 3029 1772 3057 p.
1789 3018 1891 3050 2993.
