<?xml version="1.0" encoding="UTF-8"?>
<!DOCTYPE html PUBLIC "-//W3C//DTD XHTML 1.0 Transitional//EN"
    "http://www.w3.org/TR/xhtml1/DTD/xhtml1-transitional.dtd">
<html xmlns="http://www.w3.org/1999/xhtml" xml:lang="en" lang="en">
 <head>
  <title>
</title>
<meta http-equiv="Content-Type" content="text/html;charset=utf-8" />
  <meta name='ocr-system' content='tesseract 3.04.00' />
  <meta name='ocr-capabilities' content='ocr_page ocr_carea ocr_par ocr_line ocrx_word'/>
</head>
<body>
  <div class='ocr_page' id='page_1' title='image "./jesurunsiveprole00deliuoft/jesurunsiveprole00deliuoft_0017.png"; bbox 0 0 1934 3259; ppageno 0'>
   <div class='ocr_carea' id='block_1_1' title="bbox 83 196 1536 290">
    <p class='ocr_par' dir='ltr' id='par_1_1' title="bbox 83 181 1536 290">
     <span class='ocr_line' id='line_1_1' title="bbox 83 196 1536 290; baseline -0.001 -31"><span class='ocrx_word' id='word_1_1' title='bbox 83 204 205 258; x_wconf 86' lang='lat' dir='ltr'><strong>lacu</strong></span> <span class='ocrx_word' id='word_1_2' title='bbox 253 181 514 279; x_wconf 71' lang='lat' dir='ltr'><strong>fervida]</strong></span> <span class='ocrx_word' id='word_1_3' title='bbox 555 201 654 255; x_wconf 90' lang='lat' dir='ltr'><strong>sed</strong></span> <span class='ocrx_word' id='word_1_4' title='bbox 711 199 948 256; x_wconf 83' lang='lat' dir='ltr'><strong>assiduis</strong></span> <span class='ocrx_word' id='word_1_5' title='bbox 994 202 1183 290; x_wconf 75' lang='lat' dir='ltr'><strong>studiis</strong></span> <span class='ocrx_word' id='word_1_6' title='bbox 1233 210 1287 257; x_wconf 90' lang='lat' dir='ltr'><strong>et</strong></span> <span class='ocrx_word' id='word_1_7' title='bbox 1336 220 1536 273; x_wconf 87' lang='lat' dir='ltr'><strong>perpe-</strong></span> 
     </span>
    </p>
   </div>
   <div class='ocr_carea' id='block_1_2' title="bbox 0 192 1618 420">
    <p class='ocr_par' dir='ltr' id='par_1_2' title="bbox 0 192 1618 420">
     <span class='ocr_line' id='line_1_2' title="bbox 0 192 1618 420; baseline -0.001 0"><span class='ocrx_word' id='word_1_8' title='bbox 0 419 4 420; x_wconf 95' lang='lat' dir='ltr'><strong> </strong></span> <span class='ocrx_word' id='word_1_9' title='bbox 1582 192 1618 419; x_wconf 95' lang='lat' dir='ltr'><strong>   </strong></span> 
     </span>
    </p>
   </div>
   <div class='ocr_carea' id='block_1_3' title="bbox 18 313 1538 371">
    <p class='ocr_par' dir='ltr' id='par_1_3' title="bbox 18 313 1538 371">
     <span class='ocr_line' id='line_1_3' title="bbox 18 313 1538 371; baseline -0.002 0"><span class='ocrx_word' id='word_1_10' title='bbox 18 326 26 348; x_wconf 62' lang='lat' dir='ltr'><em>s</em></span> <span class='ocrx_word' id='word_1_11' title='bbox 84 323 176 370; x_wconf 84' lang='lat' dir='ltr'><strong>tua</strong></span> <span class='ocrx_word' id='word_1_12' title='bbox 203 313 489 371; x_wconf 82' lang='lat' dir='ltr'><strong>hebraismi</strong></span> <span class='ocrx_word' id='word_1_13' title='bbox 519 328 640 368; x_wconf 90' lang='lat' dir='ltr'><strong>cum</strong></span> <span class='ocrx_word' id='word_1_14' title='bbox 678 313 1046 368; x_wconf 90' lang='lat' dir='ltr'><strong>sanscritismo</strong></span> <span class='ocrx_word' id='word_1_15' title='bbox 1082 315 1357 370; x_wconf 84' lang='lat' dir='ltr'><strong>collatione</strong></span> <span class='ocrx_word' id='word_1_16' title='bbox 1393 332 1538 370; x_wconf 87' lang='lat' dir='ltr'><strong>com-</strong></span> 
     </span>
    </p>
   </div>
   <div class='ocr_carea' id='block_1_4' title="bbox 4 358 340 409">
    <p class='ocr_par' dir='ltr' id='par_1_4' title="bbox 4 358 340 409">
     <span class='ocr_line' id='line_1_4' title="bbox 4 358 340 409; baseline -0.003 -8"><span class='ocrx_word' id='word_1_17' title='bbox 4 358 39 409; x_wconf 46' lang='grc' dir='ltr'><strong>ᾖ(</strong></span> <span class='ocrx_word' id='word_1_18' title='bbox 146 378 340 401; x_wconf 47' lang='lat'><strong>05——</strong></span> 
     </span>
    </p>
   </div>
   <div class='ocr_carea' id='block_1_5' title="bbox 84 427 1488 500">
    <p class='ocr_par' dir='ltr' id='par_1_5' title="bbox 84 427 1488 500">
     <span class='ocr_line' id='line_1_5' title="bbox 84 427 1488 500; baseline -0.001 -17"><span class='ocrx_word' id='word_1_19' title='bbox 84 429 326 500; x_wconf 88' lang='lat' dir='ltr'><strong>probata·</strong></span> <span class='ocrx_word' id='word_1_20' title='bbox 384 441 609 497; x_wconf 89' lang='lat' dir='ltr'><strong>quorum</strong></span> <span class='ocrx_word' id='word_1_21' title='bbox 657 427 870 497; x_wconf 89' lang='lat' dir='ltr'><strong>quidem</strong></span> <span class='ocrx_word' id='word_1_22' title='bbox 918 444 936 480; x_wconf 92' lang='lat' dir='ltr'><strong>l</strong></span> <span class='ocrx_word' id='word_1_23' title='bbox 976 445 990 479; x_wconf 89' lang='grc' dir='ltr'>ι</span> <span class='ocrx_word' id='word_1_24' title='bbox 1041 443 1222 497; x_wconf 85' lang='lat' dir='ltr'><strong>neque</strong></span> <span class='ocrx_word' id='word_1_25' title='bbox 1276 446 1430 483; x_wconf 77' lang='lat' dir='ltr'><strong>novi</strong></span> <span class='ocrx_word' id='word_1_26' title='bbox 1472 464 1488 481; x_wconf 48' lang='grc' dir='ltr'><strong><em>ι</em></strong></span> 
     </span>
    </p>
   </div>
   <div class='ocr_carea' id='block_1_6' title="bbox 0 335 1618 520">
    <p class='ocr_par' dir='ltr' id='par_1_6' title="bbox 0 335 1618 520">
     <span class='ocr_line' id='line_1_6' title="bbox 0 335 1618 520; baseline 0 0"><span class='ocrx_word' id='word_1_27' title='bbox 0 335 84 520; x_wconf 95' lang='lat' dir='ltr'><strong>   </strong></span> <span class='ocrx_word' id='word_1_28' title='bbox 1430 419 1618 520; x_wconf 95' lang='lat' dir='ltr'><strong>  </strong></span> 
     </span>
    </p>
   </div>
   <div class='ocr_carea' id='block_1_7' title="bbox 77 537 1540 2636">
    <p class='ocr_par' dir='ltr' id='par_1_7' title="bbox 77 537 1540 2636">
     <span class='ocr_line' id='line_1_7' title="bbox 85 537 1538 611; baseline -0.001 -16"><span class='ocrx_word' id='word_1_29' title='bbox 85 537 213 598; x_wconf 72' lang='lat' dir='ltr'><strong>tem&#39;</strong></span> <span class='ocrx_word' id='word_1_30' title='bbox 265 555 447 611; x_wconf 89' lang='lat' dir='ltr'><strong>neque</strong></span> <span class='ocrx_word' id='word_1_31' title='bbox 504 555 583 594; x_wconf 90' lang='lat' dir='ltr'><strong>ve</strong></span> <span class='ocrx_word' id='word_1_32' title='bbox 598 538 857 594; x_wconf 87' lang='lat' dir='ltr'><strong>ritatem</strong></span> <span class='ocrx_word' id='word_1_33' title='bbox 903 548 1308 595; x_wconf 83' lang='lat' dir='ltr'><strong>concesserunt.</strong></span> <span class='ocrx_word' id='word_1_34' title='bbox 1406 540 1538 594; x_wconf 82' lang='lat' dir='ltr'><strong>{llud</strong></span> 
     </span>
     <span class='ocr_line' id='line_1_8' title="bbox 83 650 1538 722; baseline -0.001 -16"><span class='ocrx_word' id='word_1_35' title='bbox 83 652 243 708; x_wconf 82' lang='lat' dir='ltr'><strong>facile</strong></span> <span class='ocrx_word' id='word_1_36' title='bbox 300 650 515 714; x_wconf 86' lang='lat' dir='ltr'><strong>tolerari</strong></span> <span class='ocrx_word' id='word_1_37' title='bbox 572 658 803 721; x_wconf 79' lang='lat' dir='ltr'><strong>poterat3</strong></span> <span class='ocrx_word' id='word_1_38' title='bbox 874 668 999 706; x_wconf 86' lang='lat' dir='ltr'><strong>nam</strong></span> <span class='ocrx_word' id='word_1_39' title='bbox 1058 669 1191 706; x_wconf 79' lang='lat' dir='ltr'><strong>vera</strong></span> <span class='ocrx_word' id='word_1_40' title='bbox 1246 652 1538 722; x_wconf 80' lang='lat' dir='ltr'><strong>antiquitus</strong></span> 
     </span>
     <span class='ocr_line' id='line_1_9' title="bbox 77 763 1538 840; baseline -0.003 -20"><span class='ocrx_word' id='word_1_41' title='bbox 77 767 188 837; x_wconf 87' lang='lat' dir='ltr'><strong>jam</strong></span> <span class='ocrx_word' id='word_1_42' title='bbox 236 763 451 840; x_wconf 90' lang='lat' dir='ltr'><strong>cognita</strong></span> <span class='ocrx_word' id='word_1_43' title='bbox 497 764 699 820; x_wconf 90' lang='lat' dir='ltr'><strong>fuerint</strong></span> <span class='ocrx_word' id='word_1_44' title='bbox 747 779 820 818; x_wconf 89' lang='lat' dir='ltr'><strong>an</strong></span> <span class='ocrx_word' id='word_1_45' title='bbox 868 780 1066 819; x_wconf 88' lang='lat' dir='ltr'><strong>recens</strong></span> <span class='ocrx_word' id='word_1_46' title='bbox 1114 764 1359 832; x_wconf 78' lang='lat' dir='ltr'><strong>inventa,</strong></span> <span class='ocrx_word' id='word_1_47' title='bbox 1412 764 1538 831; x_wconf 70' lang='lat' dir='ltr'><strong>qnid</strong></span> 
     </span>
     <span class='ocr_line' id='line_1_10' title="bbox 82 876 1538 949; baseline -0.003 -17"><span class='ocrx_word' id='word_1_48' title='bbox 82 876 290 932; x_wconf 66' lang='lat' dir='ltr'><strong>refert?</strong></span> <span class='ocrx_word' id='word_1_49' title='bbox 371 878 556 949; x_wconf 81' lang='lat' dir='ltr'><strong>Atque</strong></span> <span class='ocrx_word' id='word_1_50' title='bbox 626 876 783 931; x_wconf 88' lang='lat' dir='ltr'><strong>etiam</strong></span> <span class='ocrx_word' id='word_1_51' title='bbox 845 876 947 931; x_wconf 90' lang='lat' dir='ltr'><strong>hoc</strong></span> <span class='ocrx_word' id='word_1_52' title='bbox 1006 893 1185 947; x_wconf 87' lang='lat' dir='ltr'><strong>aeque</strong></span> <span class='ocrx_word' id='word_1_53' title='bbox 1254 876 1538 931; x_wconf 79' lang='lat' dir='ltr'><strong>ferendum</strong></span> 
     </span>
     <span class='ocr_line' id='line_1_11' title="bbox 84 988 1535 1062; baseline -0.003 -18"><span class='ocrx_word' id='word_1_54' title='bbox 84 995 194 1059; x_wconf 83' lang='lat' dir='ltr'><strong>est3</strong></span> <span class='ocrx_word' id='word_1_55' title='bbox 246 989 506 1060; x_wconf 81' lang='lat' dir='ltr'><strong>siquidem</strong></span> <span class='ocrx_word' id='word_1_56' title='bbox 561 990 766 1045; x_wconf 86' lang='lat' dir='ltr'><strong>veritas</strong></span> <span class='ocrx_word' id='word_1_57' title='bbox 817 991 986 1058; x_wconf 75' lang='lat' dir='ltr'><strong>lente,</strong></span> <span class='ocrx_word' id='word_1_58' title='bbox 1039 990 1137 1044; x_wconf 91' lang='lat' dir='ltr'><strong>sed</strong></span> <span class='ocrx_word' id='word_1_59' title='bbox 1179 995 1325 1043; x_wconf 89' lang='lat' dir='ltr'><strong>certo</strong></span> <span class='ocrx_word' id='word_1_60' title='bbox 1366 988 1535 1062; x_wconf 69' lang='lat' dir='ltr'><strong>gradu</strong></span> 
     </span>
     <span class='ocr_line' id='line_1_12' title="bbox 82 1100 1540 1176; baseline -0.001 -20"><span class='ocrx_word' id='word_1_61' title='bbox 82 1100 448 1176; x_wconf 81' lang='lat' dir='ltr'><strong>progreditur,</strong></span> <span class='ocrx_word' id='word_1_62' title='bbox 501 1108 555 1157; x_wconf 93' lang='lat' dir='ltr'><strong>et</strong></span> <span class='ocrx_word' id='word_1_63' title='bbox 562 1144 579 1172; x_wconf 87' lang='grc'>,</span> <span class='ocrx_word' id='word_1_64' title='bbox 628 1118 770 1172; x_wconf 87' lang='lat' dir='ltr'><strong>quae</strong></span> <span class='ocrx_word' id='word_1_65' title='bbox 811 1102 1035 1171; x_wconf 87' lang='lat' dir='ltr'><strong>primum</strong></span> <span class='ocrx_word' id='word_1_66' title='bbox 1076 1103 1171 1155; x_wconf 77' lang='lat' dir='ltr'><strong>vix</strong></span> <span class='ocrx_word' id='word_1_67' title='bbox 1209 1101 1540 1155; x_wconf 72' lang='lat' dir='ltr'><strong>dimicatione</strong></span> 
     </span>
     <span class='ocr_line' id='line_1_13' title="bbox 82 1213 1537 1288; baseline -0.001 -21"><span class='ocrx_word' id='word_1_68' title='bbox 82 1213 245 1288; x_wconf 87' lang='lat' dir='ltr'><strong>digna</strong></span> <span class='ocrx_word' id='word_1_69' title='bbox 304 1214 543 1283; x_wconf 84' lang='lat' dir='ltr'><strong>videtur,</strong></span> <span class='ocrx_word' id='word_1_70' title='bbox 604 1215 818 1269; x_wconf 88' lang='lat' dir='ltr'><strong>tandem</strong></span> <span class='ocrx_word' id='word_1_71' title='bbox 877 1214 1204 1284; x_wconf 82' lang='lat' dir='ltr'><strong>amplissime</strong></span> <span class='ocrx_word' id='word_1_72' title='bbox 1254 1221 1308 1269; x_wconf 90' lang='lat' dir='ltr'><strong>et</strong></span> <span class='ocrx_word' id='word_1_73' title='bbox 1365 1214 1537 1267; x_wconf 80' lang='lat' dir='ltr'><strong>hone-</strong></span> 
     </span>
     <span class='ocr_line' id='line_1_14' title="bbox 82 1324 1539 1401; baseline -0.002 -20"><span class='ocrx_word' id='word_1_74' title='bbox 82 1325 314 1381; x_wconf 86' lang='lat' dir='ltr'><strong>stissime</strong></span> <span class='ocrx_word' id='word_1_75' title='bbox 365 1325 663 1396; x_wconf 82' lang='lat' dir='ltr'><strong>triumphat.</strong></span> <span class='ocrx_word' id='word_1_76' title='bbox 762 1324 1186 1398; x_wconf 84' lang='lat' dir='ltr'><strong>Comparationis</strong></span> <span class='ocrx_word' id='word_1_77' title='bbox 1237 1328 1539 1401; x_wconf 74' lang='lat' dir='ltr'><strong>linguarum</strong></span> 
     </span>
     <span class='ocr_line' id='line_1_15' title="bbox 80 1437 1538 1516; baseline 0.001 -24"><span class='ocrx_word' id='word_1_78' title='bbox 80 1440 463 1494; x_wconf 84' lang='lat' dir='ltr'><strong>obtrectatores</strong></span> <span class='ocrx_word' id='word_1_79' title='bbox 498 1437 782 1509; x_wconf 86' lang='lat' dir='ltr'><strong>aliquando</strong></span> <span class='ocrx_word' id='word_1_80' title='bbox 821 1439 1134 1516; x_wconf 78' lang='lat' dir='ltr'><strong>intelligent,</strong></span> <span class='ocrx_word' id='word_1_81' title='bbox 1177 1440 1395 1514; x_wconf 78' lang='lat' dir='ltr'><strong>linguae</strong></span> <span class='ocrx_word' id='word_1_82' title='bbox 1438 1455 1538 1508; x_wconf 84' lang='lat' dir='ltr'><strong>pe-</strong></span> 
     </span>
     <span class='ocr_line' id='line_1_16' title="bbox 80 1549 1537 1626; baseline -0.001 -21"><span class='ocrx_word' id='word_1_83' title='bbox 80 1549 297 1606; x_wconf 87' lang='lat' dir='ltr'><strong>culiaris</strong></span> <span class='ocrx_word' id='word_1_84' title='bbox 336 1557 581 1605; x_wconf 81' lang='lat' dir='ltr'><strong>naturam</strong></span> <span class='ocrx_word' id='word_1_85' title='bbox 621 1551 864 1626; x_wconf 86' lang='lat' dir='ltr'><strong>indagari</strong></span> <span class='ocrx_word' id='word_1_86' title='bbox 903 1568 1009 1606; x_wconf 88' lang='lat' dir='ltr'><strong>non</strong></span> <span class='ocrx_word' id='word_1_87' title='bbox 1045 1568 1227 1622; x_wconf 82' lang='lat' dir='ltr'><strong>posse,</strong></span> <span class='ocrx_word' id='word_1_88' title='bbox 1269 1554 1373 1606; x_wconf 86' lang='lat' dir='ltr'><strong>nisi</strong></span> <span class='ocrx_word' id='word_1_89' title='bbox 1406 1567 1537 1605; x_wconf 52' lang='lat' dir='ltr'><strong>ser-s³</strong></span> 
     </span>
     <span class='ocr_line' id='line_1_17' title="bbox 82 1663 1538 1734; baseline -0.001 -17"><span class='ocrx_word' id='word_1_90' title='bbox 82 1679 181 1718; x_wconf 91' lang='lat' dir='ltr'><strong>sus</strong></span> <span class='ocrx_word' id='word_1_91' title='bbox 250 1663 338 1718; x_wconf 91' lang='lat' dir='ltr'><strong>ille</strong></span> <span class='ocrx_word' id='word_1_92' title='bbox 409 1664 673 1718; x_wconf 86' lang='lat' dir='ltr'><strong>obscurus</strong></span> <span class='ocrx_word' id='word_1_93' title='bbox 747 1671 800 1719; x_wconf 91' lang='lat' dir='ltr'><strong>et</strong></span> <span class='ocrx_word' id='word_1_94' title='bbox 879 1664 1294 1734; x_wconf 82' lang='lat' dir='ltr'><strong>inexplicabilis,</strong></span> <span class='ocrx_word' id='word_1_95' title='bbox 1379 1680 1538 1734; x_wconf 82' lang='lat' dir='ltr'><strong>quem</strong></span> 
     </span>
     <span class='ocr_line' id='line_1_18' title="bbox 79 1775 1537 1850; baseline -0.001 -21"><span class='ocrx_word' id='word_1_96' title='bbox 79 1775 366 1850; x_wconf 83' lang='lat' dir='ltr'><strong>indigenae</strong></span> <span class='ocrx_word' id='word_1_97' title='bbox 415 1776 710 1850; x_wconf 87' lang='lat' dir='ltr'><strong>ingenitum</strong></span> <span class='ocrx_word' id='word_1_98' title='bbox 750 1776 976 1847; x_wconf 82' lang='lat' dir='ltr'><strong>habent,</strong></span> <span class='ocrx_word' id='word_1_99' title='bbox 1028 1777 1132 1831; x_wconf 88' lang='lat' dir='ltr'><strong>hac</strong></span> <span class='ocrx_word' id='word_1_100' title='bbox 1181 1776 1301 1846; x_wconf 78' lang='lat' dir='ltr'><strong>ipsa</strong></span> <span class='ocrx_word' id='word_1_101' title='bbox 1343 1777 1431 1830; x_wconf 76' lang='lat' dir='ltr'><strong>via</strong></span> <span class='ocrx_word' id='word_1_102' title='bbox 1472 1777 1537 1829; x_wconf 69' lang='lat' dir='ltr'><strong>ad</strong></span> 
     </span>
     <span class='ocr_line' id='line_1_19' title="bbox 83 1887 1539 1965; baseline -0.001 -23"><span class='ocrx_word' id='word_1_103' title='bbox 83 1887 341 1944; x_wconf 81' lang='lat' dir='ltr'><strong>scientiae</strong></span> <span class='ocrx_word' id='word_1_104' title='bbox 388 1888 654 1943; x_wconf 89' lang='lat' dir='ltr'><strong>evidentis</strong></span> <span class='ocrx_word' id='word_1_105' title='bbox 703 1890 979 1965; x_wconf 78' lang='lat' dir='ltr'><strong>fastigium</strong></span> <span class='ocrx_word' id='word_1_106' title='bbox 1031 1890 1301 1959; x_wconf 68' lang='lat' dir='ltr'><strong>paullatian</strong></span> <span class='ocrx_word' id='word_1_107' title='bbox 1342 1889 1539 1942; x_wconf 80' lang='lat' dir='ltr'><strong>effera-</strong></span> 
     </span>
     <span class='ocr_line' id='line_1_20' title="bbox 83 2000 1538 2072; baseline -0.001 -17"><span class='ocrx_word' id='word_1_108' title='bbox 83 2005 195 2070; x_wconf 81' lang='lat' dir='ltr'><strong>tur,</strong></span> <span class='ocrx_word' id='word_1_109' title='bbox 248 2000 596 2070; x_wconf 80' lang='lat' dir='ltr'><strong>vicissimque</strong></span> <span class='ocrx_word' id='word_1_110' title='bbox 636 2000 699 2070; x_wconf 83' lang='lat' dir='ltr'><strong>ii,</strong></span> <span class='ocrx_word' id='word_1_111' title='bbox 752 2002 843 2072; x_wconf 91' lang='lat' dir='ltr'><strong>qui</strong></span> <span class='ocrx_word' id='word_1_112' title='bbox 884 2004 973 2056; x_wconf 87' lang='lat' dir='ltr'><strong>vel</strong></span> <span class='ocrx_word' id='word_1_113' title='bbox 1014 2000 1351 2071; x_wconf 73' lang='lat' dir='ltr'><strong>philosophia</strong></span> <span class='ocrx_word' id='word_1_114' title='bbox 1404 2016 1538 2053; x_wconf 76' lang='lat' dir='ltr'><strong>ven-</strong></span> 
     </span>
     <span class='ocr_line' id='line_1_21' title="bbox 82 2113 1538 2187; baseline -0.001 -21"><span class='ocrx_word' id='word_1_115' title='bbox 82 2114 199 2168; x_wconf 70' lang='lat' dir='ltr'><strong>tosa</strong></span> <span class='ocrx_word' id='word_1_116' title='bbox 246 2114 352 2184; x_wconf 12' lang='lat' dir='ltr'><strong>*vel</strong></span> <span class='ocrx_word' id='word_1_117' title='bbox 414 2114 770 2187; x_wconf 89' lang='lat' dir='ltr'><strong>auguratione</strong></span> <span class='ocrx_word' id='word_1_118' title='bbox 836 2115 1179 2185; x_wconf 85' lang='lat' dir='ltr'><strong>conjecturali</strong></span> <span class='ocrx_word' id='word_1_119' title='bbox 1242 2113 1408 2180; x_wconf 77' lang='lat' dir='ltr'><strong>abripi</strong></span> <span class='ocrx_word' id='word_1_120' title='bbox 1476 2129 1538 2166; x_wconf 75' lang='lat' dir='ltr'><strong>se</strong></span> 
     </span>
     <span class='ocr_line' id='line_1_22' title="bbox 81 2225 1539 2303; baseline 0.001 -25"><span class='ocrx_word' id='word_1_121' title='bbox 81 2225 380 2303; x_wconf 62' lang='lat' dir='ltr'><strong>patiuntiu‘,</strong></span> <span class='ocrx_word' id='word_1_122' title='bbox 425 2226 742 2296; x_wconf 65' lang='lat' dir='ltr'><strong>‘aliquando</strong></span> <span class='ocrx_word' id='word_1_123' title='bbox 807 2227 1130 2296; x_wconf 80' lang='lat' dir='ltr'><strong>concedent,</strong></span> <span class='ocrx_word' id='word_1_124' title='bbox 1210 2227 1539 2281; x_wconf 70' lang='lat' dir='ltr'><strong>traditionem</strong></span> 
     </span>
     <span class='ocr_line' id='line_1_23' title="bbox 81 2336 1538 2410; baseline 0.001 -19"><span class='ocrx_word' id='word_1_125' title='bbox 81 2336 459 2408; x_wconf 87' lang='lat' dir='ltr'><strong>historiamque</strong></span> <span class='ocrx_word' id='word_1_126' title='bbox 510 2339 685 2392; x_wconf 89' lang='lat' dir='ltr'><strong>solum</strong></span> <span class='ocrx_word' id='word_1_127' title='bbox 738 2355 864 2393; x_wconf 87' lang='lat' dir='ltr'><strong>esse</strong></span> <span class='ocrx_word' id='word_1_128' title='bbox 913 2345 1076 2409; x_wconf 78' lang='lat' dir='ltr'><strong>atque</strong></span> <span class='ocrx_word' id='word_1_129' title='bbox 1117 2339 1538 2410; x_wconf 75' lang='lat' dir='ltr'><strong>fundamentum,</strong></span> 
     </span>
     <span class='ocr_line' id='line_1_24' title="bbox 83 2448 1536 2526; baseline 0.003 -24"><span class='ocrx_word' id='word_1_130' title='bbox 83 2448 138 2502; x_wconf 89' lang='lat' dir='ltr'><strong>in</strong></span> <span class='ocrx_word' id='word_1_131' title='bbox 178 2465 283 2519; x_wconf 89' lang='lat' dir='ltr'><strong>quo</strong></span> <span class='ocrx_word' id='word_1_132' title='bbox 322 2452 492 2504; x_wconf 90' lang='lat' dir='ltr'><strong>omnis</strong></span> <span class='ocrx_word' id='word_1_133' title='bbox 533 2451 752 2525; x_wconf 83' lang='lat' dir='ltr'><strong>linguae</strong></span> <span class='ocrx_word' id='word_1_134' title='bbox 795 2451 1140 2526; x_wconf 78' lang='lat' dir='ltr'><strong>investigatio</strong></span> <span class='ocrx_word' id='word_1_135' title='bbox 1179 2452 1328 2506; x_wconf 73' lang='lat' dir='ltr'><strong>inniti</strong></span> <span class='ocrx_word' id='word_1_136' title='bbox 1371 2455 1536 2507; x_wconf 46' lang='lat' dir='ltr'><strong>subc*</strong></span> 
     </span>
     <span class='ocr_line' id='line_1_25' title="bbox 85 2560 613 2636; baseline 0.008 -22"><span class='ocrx_word' id='word_1_137' title='bbox 85 2560 294 2636; x_wconf 88' lang='lat' dir='ltr'><strong>rigique</strong></span> <span class='ocrx_word' id='word_1_138' title='bbox 347 2563 551 2618; x_wconf 88' lang='lat' dir='ltr'><strong>debeat.</strong></span> <span class='ocrx_word' id='word_1_139' title='bbox 603 2597 613 2608; x_wconf 55' lang='lat'><em>2</em></span> 
     </span>
    </p>
   </div>
   <div class='ocr_carea' id='block_1_8' title="bbox 240 2671 1534 2752">
    <p class='ocr_par' dir='ltr' id='par_1_8' title="bbox 240 2671 1534 2752">
     <span class='ocr_line' id='line_1_26' title="bbox 240 2671 1534 2752; baseline 0.005 -23"><span class='ocrx_word' id='word_1_140' title='bbox 240 2671 495 2730; x_wconf 82' lang='lat' dir='ltr'><strong>Ceterum</strong></span> <span class='ocrx_word' id='word_1_141' title='bbox 549 2677 709 2747; x_wconf 83' lang='lat' dir='ltr'><strong>scit0,</strong></span> <span class='ocrx_word' id='word_1_142' title='bbox 774 2692 859 2732; x_wconf 87' lang='lat' dir='ltr'><strong>me</strong></span> <span class='ocrx_word' id='word_1_143' title='bbox 919 2677 1155 2752; x_wconf 77' lang='lat' dir='ltr'><strong>linguam</strong></span> <span class='ocrx_word' id='word_1_144' title='bbox 1218 2678 1534 2736; x_wconf 75' lang='lat' dir='ltr'><strong>hebraicam,</strong></span> 
     </span>
    </p>
   </div>
  </div>
 </body>
</html>
