1956 3270
1018 85 1316 128 ,30-

437 203 683 253 taminibus
730 200 1065 250 Okadensibus
1120 198 1365 248 victoriam
1409 202 1575 247 nactae
1627 204 1733 247 sunt
1777 215 1897 247 non-

439 284 671 345 nullisque
709 281 962 329 Hmn-asae
997 278 1288 337 carminibuS,
1325 284 1416 325 tam
1445 284 1584 325 tenue
1620 285 1755 341 atque
1792 279 1898 326 exi-
1953 279 1956 318 ἕ

440 377 578 425 guum
618 366 706 417 est,
743 367 791 407 ut
826 359 1713 420 111
908 357 1108 407 arabicis
1145 357 1295 404 literis
1314 356 1399 403 vix
1427 356 1703 404 incunabula
1740 363 1785 404 et
1820 374 1899 404 ru-
1954 348 1956 380 Τ

440 438 644 487 dimenta
688 438 904 486 invenias
959 454 1015 485 eo
1062 442 1290 501 tempore,
1340 451 1428 498 quo
1472 434 1632 521 lingua
1667 435 1780 483 hebr
1759 435 1898 495 raica,
1955 440 1956 445 ’

441 517 617 566 calcem
653 532 709 564 ac
746 522 985 564 clementa
1020 515 1308 562 ministrante
1344 513 1586 573 3131113163,
1623 513 1791 561 dudum
1826 514 1900 561 in-

439 601 611 659 gentes
646 595 878 642 literarum
914 594 1060 641 moles
1106 608 1246 658 opere
1290 591 1537 654 magnifico
1582 598 1901 651 exstruxerat,

441 689 560 736 quae
595 673 641 720 in
678 680 897 720 metarum
933 672 1228 719 maximarum
1276 669 1480 729 modum,
1528 669 1769 718 doctrinae
1813 669 1901 717 im·-

440 767 632 799 mensae
668 758 817 799 testes
855 750 1176 815 sempiternae,
1198 754 1472 811 exsurgunt,
1508 748 1553 795 in
1575 748 1737 811 quibus
1771 749 1901 797 Mis-

440 845 561 889 nam,
599 829 842 889 Gemaras,
880 829 1133 888 Tosestas,
1171 827 1443 885 Mekiltam,
1480 826 1741 874 Midrasum
1786 828 1901 876 Ma-

444 923 692 970 soramque
735 914 968 966 veterem,
1013 907 1342 971 ingentemque
1386 906 1677 968 Barajtarum
1724 906 1902 971 copiam

442 985 561 1035 satis
597 985 747 1034 habeo
784 986 1065 1034 nominasse.
1137 984 1344 1033 Arabica
1379 983 1522 1047 igitur
1556 983 1739 1047 lingua,
1787 1000 1902 1047 qua-

441 1063 504 1112 lis
550 1063 610 1111 ad
659 1081 746 1113 nos
793 1065 1030 1130 pervenit,
1077 1071 1230 1113 aetate
1275 1062 1414 1110 multo
1461 1062 1607 1109 minor
1644 1070 1730 1122 est,
1768 1079 1901 1126 quam

441 1142 677 1202 hebraica,
715 1160 865 1207 eaque
897 1144 1018 1209 iffi
1037 1142 1097 1192 de
1133 1159 1276 1192 causa
1311 1142 1456 1189 forma
1484 1142 1682 1188 externa
1717 1142 1902 1189 multum

442 1220 517 1269 dis
553 1239 627 1282 ar,
680 1222 839 1271 indole
882 1223 1064 1271 interna
1109 1220 1385 1285 longissime
1431 1218 1635 1267 diversa.
1716 1219 1904 1267 Etenim

443 1300 604 1364 lingua
639 1302 837 1360 arabica,
874 1308 1117 1368 postquam
1167 1318 1194 1347 a
1239 1298 1405 1365 puerili
1451 1298 1716 1346 infirmitate
1757 1300 1905 1361 juve-

442 1379 616 1442 nilique
658 1380 904 1429 ferocitate
950 1379 1010 1427 ad
1063 1379 1244 1426 virilem
1299 1376 1578 1440 gravitatem
1633 1393 1904 1443 progressa,

443 1457 655 1507 adolevit
690 1475 746 1507 ac
780 1460 989 1524 perfecta
1026 1464 1113 1516 est,
1152 1454 1529 1520 quemadmodum
1558 1462 1757 1503 aetatum
1792 1472 1904 1521 pro-

442 1552 616 1600 gressu
654 1537 775 1586 aliae
812 1553 993 1601 quoque
1029 1536 1234 1599 linguae,
1272 1534 1431 1601 specie
1475 1540 1671 1582 externa
1707 1534 1906 1581 limatior

442 1617 707 1688 iacta-Est,
755 1616 916 1664 formis
962 1613 1479 1681 politiorplffltigmibus
1523 1612 1792 1660 adstrictior
1837 1612 1906 1659 si-

443 1694 913 1759 gnificationibusque
959 1694 1098 1742 multo
1143 1693 1355 1740 subtilior
1402 1697 1450 1739 et
1493 1690 1751 1756 copiosi0r3
1796 1706 1908 1755 pro-

444 1773 754 1833 nuntiatione,
792 1782 954 1821 natura
997 1772 1101 1838 ipsa
1147 1772 1359 1830 favente,
1418 1769 1648 1817 subtiliter
1690 1767 1908 1816 distinxit

433 1852 797 1918 potestatesque
834 1850 1046 1917 ejusdem
1082 1850 1214 1897 verbi
1251 1849 1470 1896 diversas
1516 1853 1653 1896 acute
1698 1847 1909 1895 secrevit

445 1930 703 1994 (siquidem
756 1931 869 1978 mira
914 1937 987 1978 est
1032 1928 1123 1977 1136
1168 1928 1216 1975 111
1271 1934 1415 1991 gente
1471 1926 1567 1974 oris
1605 1925 1908 1974 conformatio

444 2009 557 2057 mira
601 2026 881 2073 organorum
926 2008 1118 2065 solutio,
1166 2007 1369 2070 gutturis
1417 2012 1670 2066 structura,
1719 2005 1908 2068 linguae

443 2088 714 2136 volubilitas
750 2089 1034 2151 laterumque
1069 2085 1333 2147 fortitudo),
1371 2084 1595 2149 denique,
1633 2100 1722 2148 quo
1759 2085 1908 2147 majo-

445 2182 541 2215 rem
596 2167 759 2214 artium
813 2166 1216 2228 doctrinarumque
1272 2165 1512 2230 profectus
1577 2163 1908 2211 vocabulorum

444 2247 698 2294 ubertatem
735 2245 1047 2308 requirerent,
1085 2261 1141 2292 eo
1189 2243 1339 2306 magis
1385 2242 1432 2289 in
1477 2241 1619 2289 novis
1664 2241 1909 2289 vocabulis

447 2340 549 2374 cum
585 2324 816 2371 mutandis
851 2331 944 2372 tum
981 2322 1266 2387 effingendis
1289 2321 1562 2380 elaboravit,
1598 2326 1757 2385 utpote
1794 2336 1910 2383 quo-

446 2420 545 2451 rum
599 2403 776 2450 semina
830 2402 890 2449 ad
937 2400 1223 2466 gignendum
1268 2398 1697 2466 procreandumque
1743 2399 1910 2446 valen—

446 2482 628 2532 tissima
662 2481 767 2547 ipsa
803 2481 1077 2537 contineret,
1124 2495 1203 2537 ac,
1252 2477 1385 2541 quasi
1429 2493 1456 2524 e
1502 2477 1640 2524 venis
1688 2477 1786 2525 auri
1832 2493 1909 2525 16-

448 2560 651 2609 conditis
687 2566 842 2608 tantos
878 2559 1124 2607 thesauros
1162 2555 1405 2622 explicuit,
1442 2562 1506 2617 ut,
1545 2556 1587 2603 si
1636 2555 1909 2619 lexicogra-

446 2639 540 2707 pho
577 2638 795 2688 Eleleale'l
833 2641 876 2700 ¹)
914 2637 1034 2686 fides
1078 2635 1293 2685 habenda.
1338 2635 1424 2694 sit,
1467 2634 1515 2681 in
1560 2635 1730 2682 aetatis
1775 2634 1907 2694 flore,

566 2755 605 2803 ¹]
636 2755 740 2792 Mat.
772 2756 963 2802 Norbery,
995 2753 1042 2790 de
1074 2753 1168 2790 fatis
1201 2751 1363 2800 linguae
1393 2750 1577 2787 arabicae
1616 2750 1839 2800 (Opuscula
1867 2749 1907 2786 11

446 2836 483 2872 1».
514 2822 631 2870 237.)
