<?xml version="1.0" encoding="UTF-8"?>
<!DOCTYPE html PUBLIC "-//W3C//DTD XHTML 1.0 Transitional//EN"
    "http://www.w3.org/TR/xhtml1/DTD/xhtml1-transitional.dtd">
<html xmlns="http://www.w3.org/1999/xhtml" xml:lang="en" lang="en">
 <head>
  <title>
</title>
<meta http-equiv="Content-Type" content="text/html;charset=utf-8" />
  <meta name='ocr-system' content='tesseract 3.04.00' />
  <meta name='ocr-capabilities' content='ocr_page ocr_carea ocr_par ocr_line ocrx_word'/>
</head>
<body>
  <div class='ocr_page' id='page_1' title='image "./jesurunsiveprole00deliuoft/jesurunsiveprole00deliuoft_0018.png"; bbox 0 0 1956 3270; ppageno 0'>
   <div class='ocr_carea' id='block_1_1' title="bbox 114 120 169 161">
    <p class='ocr_par' dir='ltr' id='par_1_1' title="bbox 114 120 169 161">
     <span class='ocr_line' id='line_1_1' title="bbox 114 120 169 161; baseline 0 -16"><span class='ocrx_word' id='word_1_1' title='bbox 114 146 122 161; x_wconf 49' lang='grc' dir='ltr'><strong><em>ι</em></strong></span> <span class='ocrx_word' id='word_1_2' title='bbox 151 120 169 145; x_wconf 59' lang='lat'><em>1</em></span> 
     </span>
    </p>
   </div>
   <div class='ocr_carea' id='block_1_2' title="bbox 224 125 285 166">
    <p class='ocr_par' dir='ltr' id='par_1_2' title="bbox 224 125 285 166">
     <span class='ocr_line' id='line_1_2' title="bbox 224 125 285 166; baseline 0 0"><span class='ocrx_word' id='word_1_3' title='bbox 224 125 285 166; x_wconf 43' lang='grc' dir='ltr'>Α·</span> 
     </span>
    </p>
   </div>
   <div class='ocr_carea' id='block_1_3' title="bbox 540 100 1229 139">
    <p class='ocr_par' dir='ltr' id='par_1_3' title="bbox 540 100 1229 139">
     <span class='ocr_line' id='line_1_3' title="bbox 540 100 1229 139; baseline 0.009 -12"><span class='ocrx_word' id='word_1_4' title='bbox 540 100 717 139; x_wconf 17' lang='grc' dir='ltr'>,Υ-0),</span> <span class='ocrx_word' id='word_1_5' title='bbox 842 120 845 123; x_wconf 62' lang='lat'><em>&gt;</em></span> <span class='ocrx_word' id='word_1_6' title='bbox 966 100 1229 132; x_wconf 52' lang='lat' dir='ltr'>&#39;‘X—&#39;⁸</span> 
     </span>
    </p>
   </div>
   <div class='ocr_carea' id='block_1_4' title="bbox 315 138 492 181">
    <p class='ocr_par' dir='ltr' id='par_1_4' title="bbox 315 138 492 181">
     <span class='ocr_line' id='line_1_4' title="bbox 315 138 492 181; baseline 0.011 -26"><span class='ocrx_word' id='word_1_7' title='bbox 315 144 328 160; x_wconf 63' lang='grc' dir='ltr'>ῃ</span> <span class='ocrx_word' id='word_1_8' title='bbox 362 138 401 181; x_wconf 56' lang='lat'>⁸⁸</span> <span class='ocrx_word' id='word_1_9' title='bbox 450 144 492 157; x_wconf 59' lang='grc' dir='ltr'>’,ρ</span> 
     </span>
    </p>
   </div>
   <div class='ocr_carea' id='block_1_5' title="bbox 321 220 1823 321">
    <p class='ocr_par' dir='ltr' id='par_1_5' title="bbox 321 220 1823 321">
     <span class='ocr_line' id='line_1_5' title="bbox 321 220 1823 321; baseline 0.005 -32"><span class='ocrx_word' id='word_1_10' title='bbox 321 284 325 305; x_wconf 22' lang='lat'>¹.</span> <span class='ocrx_word' id='word_1_11' title='bbox 372 252 553 306; x_wconf 87' lang='lat' dir='ltr'>neque</span> <span class='ocrx_word' id='word_1_12' title='bbox 591 220 921 306; x_wconf 80' lang='lat' dir='ltr'>primaevam</span> <span class='ocrx_word' id='word_1_13' title='bbox 969 236 1109 292; x_wconf 89' lang='lat' dir='ltr'>illam</span> <span class='ocrx_word' id='word_1_14' title='bbox 1148 252 1328 308; x_wconf 90' lang='lat' dir='ltr'>neque</span> <span class='ocrx_word' id='word_1_15' title='bbox 1369 254 1605 310; x_wconf 90' lang='lat' dir='ltr'>unquam</span> <span class='ocrx_word' id='word_1_16' title='bbox 1641 256 1823 321; x_wconf 85' lang='lat' dir='ltr'>emor-</span> 
     </span>
    </p>
   </div>
   <div class='ocr_carea' id='block_1_6' title="bbox 228 348 1827 453">
    <p class='ocr_par' dir='ltr' id='par_1_6' title="bbox 228 348 1827 453">
     <span class='ocr_line' id='line_1_6' title="bbox 228 348 1827 453; baseline 0.004 -52"><span class='ocrx_word' id='word_1_17' title='bbox 228 358 241 427; x_wconf 60' lang='lat' dir='ltr'>j</span> <span class='ocrx_word' id='word_1_18' title='bbox 321 385 323 387; x_wconf 24' lang='grc' dir='ltr'><em>ι</em></span> <span class='ocrx_word' id='word_1_19' title='bbox 374 355 534 418; x_wconf 81' lang='lat' dir='ltr'>tuam,</span> <span class='ocrx_word' id='word_1_20' title='bbox 575 348 679 403; x_wconf 90' lang='lat' dir='ltr'>hoc</span> <span class='ocrx_word' id='word_1_21' title='bbox 716 349 773 403; x_wconf 91' lang='lat' dir='ltr'>in</span> <span class='ocrx_word' id='word_1_22' title='bbox 812 350 942 405; x_wconf 92' lang='lat' dir='ltr'>libro</span> <span class='ocrx_word' id='word_1_23' title='bbox 982 356 1042 405; x_wconf 89' lang='lat' dir='ltr'>ut</span> <span class='ocrx_word' id='word_1_24' title='bbox 1079 350 1318 453; x_wconf 90' lang='lat' dir='ltr'>linguam</span> <span class='ocrx_word' id='word_1_25' title='bbox 1357 353 1695 431; x_wconf 79' lang='lat' dir='ltr'>generatim</span> <span class='ocrx_word' id='word_1_26' title='bbox 1693 369 1827 408; x_wconf 92' lang='lat' dir='ltr'>con-</span> 
     </span>
    </p>
   </div>
   <div class='ocr_carea' id='block_1_7' title="bbox 320 443 1919 555">
    <p class='ocr_par' dir='ltr' id='par_1_7' title="bbox 320 443 1919 555">
     <span class='ocr_line' id='line_1_7' title="bbox 320 443 1919 555; baseline 0.004 -41"><span class='ocrx_word' id='word_1_27' title='bbox 320 443 338 484; x_wconf 51' lang='lat'>*</span> <span class='ocrx_word' id='word_1_28' title='bbox 372 462 676 530; x_wconf 85' lang='lat' dir='ltr'>templatum</span> <span class='ocrx_word' id='word_1_29' title='bbox 727 478 885 532; x_wconf 81' lang='lat' dir='ltr'>esse,</span> <span class='ocrx_word' id='word_1_30' title='bbox 947 454 1057 517; x_wconf 77' lang='lat' dir='ltr'>non</span> <span class='ocrx_word' id='word_1_31' title='bbox 1107 444 1381 533; x_wconf 83' lang='lat' dir='ltr'>speciatim</span> <span class='ocrx_word' id='word_1_32' title='bbox 1412 458 1490 519; x_wconf 85' lang='lat' dir='ltr'>ut</span> <span class='ocrx_word' id='word_1_33' title='bbox 1533 466 1826 555; x_wconf 83' lang='lat' dir='ltr'>revelatio·</span> <span class='ocrx_word' id='word_1_34' title='bbox 1911 462 1919 476; x_wconf 86' lang='grc'><strong>“</strong></span> 
     </span>
    </p>
   </div>
   <div class='ocr_carea' id='block_1_8' title="bbox 363 546 1826 2670">
    <p class='ocr_par' dir='ltr' id='par_1_8' title="bbox 363 546 1826 2670">
     <span class='ocr_line' id='line_1_8' title="bbox 371 546 1824 651; baseline 0.005 -26"><span class='ocrx_word' id='word_1_35' title='bbox 371 573 457 627; x_wconf 89' lang='lat' dir='ltr'>nis</span> <span class='ocrx_word' id='word_1_36' title='bbox 498 573 712 628; x_wconf 82' lang='lat' dir='ltr'>divinae</span> <span class='ocrx_word' id='word_1_37' title='bbox 762 574 1169 631; x_wconf 83' lang='lat' dir='ltr'>instrumentum</span> <span class='ocrx_word' id='word_1_38' title='bbox 1209 583 1262 631; x_wconf 92' lang='lat' dir='ltr'>et</span> <span class='ocrx_word' id='word_1_39' title='bbox 1302 578 1458 648; x_wconf 84' lang='lat' dir='ltr'>quasi</span> <span class='ocrx_word' id='word_1_40' title='bbox 1498 546 1678 651; x_wconf 82' lang='lat' dir='ltr'>gladii</span> <span class='ocrx_word' id='word_1_41' title='bbox 1708 578 1824 648; x_wconf 87' lang='lat' dir='ltr'>spi-</span> 
     </span>
     <span class='ocr_line' id='line_1_9' title="bbox 370 685 1825 760; baseline 0.003 -21"><span class='ocrx_word' id='word_1_42' title='bbox 370 685 506 740; x_wconf 76' lang='lat' dir='ltr'>ritus</span> <span class='ocrx_word' id='word_1_43' title='bbox 558 687 840 760; x_wconf 78' lang='lat' dir='ltr'>vaginam,</span> <span class='ocrx_word' id='word_1_44' title='bbox 894 704 1215 759; x_wconf 89' lang='lat' dir='ltr'>quamquam</span> <span class='ocrx_word' id='word_1_45' title='bbox 1262 690 1332 744; x_wconf 90' lang='lat' dir='ltr'>ad</span> <span class='ocrx_word' id='word_1_46' title='bbox 1372 690 1688 759; x_wconf 83' lang='lat' dir='ltr'>scripturam</span> <span class='ocrx_word' id='word_1_47' title='bbox 1728 706 1825 744; x_wconf 89' lang='lat' dir='ltr'>sa-</span> 
     </span>
     <span class='ocr_line' id='line_1_10' title="bbox 370 802 1824 868; baseline 0.003 -17"><span class='ocrx_word' id='word_1_48' title='bbox 370 813 532 867; x_wconf 77' lang='lat' dir='ltr'>cram,</span> <span class='ocrx_word' id='word_1_49' title='bbox 575 805 756 868; x_wconf 89' lang='lat' dir='ltr'>utpote</span> <span class='ocrx_word' id='word_1_50' title='bbox 795 817 961 855; x_wconf 89' lang='lat' dir='ltr'>unum</span> <span class='ocrx_word' id='word_1_51' title='bbox 1002 808 1055 856; x_wconf 93' lang='lat' dir='ltr'>et</span> <span class='ocrx_word' id='word_1_52' title='bbox 1095 803 1266 857; x_wconf 90' lang='lat' dir='ltr'>solum</span> <span class='ocrx_word' id='word_1_53' title='bbox 1303 803 1507 858; x_wconf 87' lang='lat' dir='ltr'>veteris</span> <span class='ocrx_word' id='word_1_54' title='bbox 1538 802 1824 857; x_wconf 87' lang='lat' dir='ltr'>hebraismi</span> 
     </span>
     <span class='ocr_line' id='line_1_11' title="bbox 369 913 1826 970; baseline 0.003 -7"><span class='ocrx_word' id='word_1_55' title='bbox 369 918 761 966; x_wconf 86' lang='lat' dir='ltr'>monumentum</span> <span class='ocrx_word' id='word_1_56' title='bbox 795 913 1066 969; x_wconf 89' lang='lat' dir='ltr'>itentidem</span> <span class='ocrx_word' id='word_1_57' title='bbox 1098 921 1213 970; x_wconf 89' lang='lat' dir='ltr'>erat</span> <span class='ocrx_word' id='word_1_58' title='bbox 1235 915 1637 970; x_wconf 89' lang='lat' dir='ltr'>recurrendum.</span> <span class='ocrx_word' id='word_1_59' title='bbox 1701 914 1826 967; x_wconf 72' lang='lat' dir='ltr'>Ex·-</span> 
     </span>
     <span class='ocr_line' id='line_1_12' title="bbox 369 1024 1824 1098; baseline 0.001 -22"><span class='ocrx_word' id='word_1_60' title='bbox 369 1024 590 1097; x_wconf 82' lang='lat' dir='ltr'>egesin‚</span> <span class='ocrx_word' id='word_1_61' title='bbox 651 1032 709 1078; x_wconf 93' lang='lat' dir='ltr'>ut</span> <span class='ocrx_word' id='word_1_62' title='bbox 750 1042 850 1094; x_wconf 92' lang='lat' dir='ltr'>par</span> <span class='ocrx_word' id='word_1_63' title='bbox 890 1034 1032 1096; x_wconf 76' lang='lat' dir='ltr'>erat,</span> <span class='ocrx_word' id='word_1_64' title='bbox 1091 1028 1327 1097; x_wconf 80' lang='lat' dir='ltr'>exclusi3</span> <span class='ocrx_word' id='word_1_65' title='bbox 1390 1043 1532 1098; x_wconf 88' lang='lat' dir='ltr'>quae</span> <span class='ocrx_word' id='word_1_66' title='bbox 1573 1043 1609 1081; x_wconf 88' lang='lat' dir='ltr'>a</span> <span class='ocrx_word' id='word_1_67' title='bbox 1650 1026 1824 1096; x_wconf 86' lang='lat' dir='ltr'>philo-</span> 
     </span>
     <span class='ocr_line' id='line_1_13' title="bbox 367 1136 1823 1213; baseline 0.001 -25"><span class='ocrx_word' id='word_1_68' title='bbox 367 1136 510 1208; x_wconf 88' lang='lat' dir='ltr'>logia</span> <span class='ocrx_word' id='word_1_69' title='bbox 550 1151 616 1190; x_wconf 92' lang='lat' dir='ltr'>eo</span> <span class='ocrx_word' id='word_1_70' title='bbox 650 1137 820 1191; x_wconf 86' lang='lat' dir='ltr'>differt</span> <span class='ocrx_word' id='word_1_71' title='bbox 830 1180 847 1207; x_wconf 86' lang='grc'>,</span> <span class='ocrx_word' id='word_1_72' title='bbox 889 1139 1030 1208; x_wconf 90' lang='lat' dir='ltr'>quod</span> <span class='ocrx_word' id='word_1_73' title='bbox 1070 1139 1307 1213; x_wconf 87' lang='lat' dir='ltr'>linguam</span> <span class='ocrx_word' id='word_1_74' title='bbox 1345 1138 1674 1207; x_wconf 77' lang='lat' dir='ltr'>hebraicam,</span> <span class='ocrx_word' id='word_1_75' title='bbox 1714 1152 1823 1191; x_wconf 92' lang='lat' dir='ltr'>non</span> 
     </span>
     <span class='ocr_line' id='line_1_14' title="bbox 368 1247 1824 1322; baseline 0.001 -22"><span class='ocrx_word' id='word_1_76' title='bbox 368 1247 545 1317; x_wconf 90' lang='lat' dir='ltr'>qualis</span> <span class='ocrx_word' id='word_1_77' title='bbox 595 1254 682 1303; x_wconf 90' lang='lat' dir='ltr'>est</span> <span class='ocrx_word' id='word_1_78' title='bbox 730 1253 1011 1321; x_wconf 76' lang='lat' dir='ltr'>natura,</span> <span class='ocrx_word' id='word_1_79' title='bbox 1064 1253 1162 1306; x_wconf 91' lang='lat' dir='ltr'>sed</span> <span class='ocrx_word' id='word_1_80' title='bbox 1215 1253 1389 1322; x_wconf 87' lang='lat' dir='ltr'>qualis</span> <span class='ocrx_word' id='word_1_81' title='bbox 1431 1257 1515 1306; x_wconf 91' lang='lat' dir='ltr'>est</span> <span class='ocrx_word' id='word_1_82' title='bbox 1564 1248 1824 1305; x_wconf 89' lang='lat' dir='ltr'>sancti-</span> 
     </span>
     <span class='ocr_line' id='line_1_15' title="bbox 367 1360 1824 1432; baseline 0.001 -19"><span class='ocrx_word' id='word_1_83' title='bbox 367 1360 734 1430; x_wconf 79' lang='lat' dir='ltr'>ficatione,</span> <span class='ocrx_word' id='word_1_84' title='bbox 799 1363 1100 1418; x_wconf 87' lang='lat' dir='ltr'>considerat</span> <span class='ocrx_word' id='word_1_85' title='bbox 1152 1372 1204 1418; x_wconf 86' lang='lat' dir='ltr'>et</span> <span class='ocrx_word' id='word_1_86' title='bbox 1244 1363 1555 1432; x_wconf 84' lang='lat' dir='ltr'>neutiquam</span> <span class='ocrx_word' id='word_1_87' title='bbox 1605 1377 1824 1431; x_wconf 88' lang='lat' dir='ltr'>compa-</span> 
     </span>
     <span class='ocr_line' id='line_1_16' title="bbox 367 1472 1822 1548; baseline 0.001 -23"><span class='ocrx_word' id='word_1_88' title='bbox 367 1472 572 1527; x_wconf 91' lang='lat' dir='ltr'>ratione</span> <span class='ocrx_word' id='word_1_89' title='bbox 612 1473 832 1548; x_wconf 89' lang='lat' dir='ltr'>linguae</span> <span class='ocrx_word' id='word_1_90' title='bbox 872 1475 1162 1530; x_wconf 88' lang='lat' dir='ltr'>domestica</span> <span class='ocrx_word' id='word_1_91' title='bbox 1202 1482 1258 1530; x_wconf 90' lang='lat' dir='ltr'>et</span> <span class='ocrx_word' id='word_1_92' title='bbox 1300 1481 1505 1543; x_wconf 78' lang='lat' dir='ltr'>extera,</span> <span class='ocrx_word' id='word_1_93' title='bbox 1547 1473 1646 1528; x_wconf 92' lang='lat' dir='ltr'>sed</span> <span class='ocrx_word' id='word_1_94' title='bbox 1686 1489 1822 1527; x_wconf 89' lang='lat' dir='ltr'>ana-</span> 
     </span>
     <span class='ocr_line' id='line_1_17' title="bbox 366 1584 1821 1658; baseline 0.001 -22"><span class='ocrx_word' id='word_1_95' title='bbox 366 1584 508 1658; x_wconf 90' lang='lat' dir='ltr'>logia</span> <span class='ocrx_word' id='word_1_96' title='bbox 569 1585 744 1653; x_wconf 88' lang='lat' dir='ltr'>ipsius</span> <span class='ocrx_word' id='word_1_97' title='bbox 807 1589 958 1640; x_wconf 84' lang='lat' dir='ltr'>verbi</span> <span class='ocrx_word' id='word_1_98' title='bbox 1011 1586 1175 1640; x_wconf 83' lang='lat' dir='ltr'>divini</span> <span class='ocrx_word' id='word_1_99' title='bbox 1227 1593 1479 1655; x_wconf 86' lang='lat' dir='ltr'>tanquam</span> <span class='ocrx_word' id='word_1_100' title='bbox 1530 1585 1821 1655; x_wconf 85' lang='lat' dir='ltr'>praecipuo</span> 
     </span>
     <span class='ocr_line' id='line_1_18' title="bbox 366 1697 1822 1772; baseline 0 -22"><span class='ocrx_word' id='word_1_101' title='bbox 366 1697 623 1766; x_wconf 86' lang='lat' dir='ltr'>principio</span> <span class='ocrx_word' id='word_1_102' title='bbox 654 1699 1015 1772; x_wconf 89' lang='lat' dir='ltr'>cognoscendi</span> <span class='ocrx_word' id='word_1_103' title='bbox 1048 1699 1224 1753; x_wconf 89' lang='lat' dir='ltr'>utitur.</span> <span class='ocrx_word' id='word_1_104' title='bbox 1284 1698 1645 1752; x_wconf 88' lang='lat' dir='ltr'>Nihilominus</span> <span class='ocrx_word' id='word_1_105' title='bbox 1680 1697 1822 1751; x_wconf 90' lang='lat' dir='ltr'>hanc</span> 
     </span>
     <span class='ocr_line' id='line_1_19' title="bbox 366 1810 1825 1884; baseline 0.001 -21"><span class='ocrx_word' id='word_1_106' title='bbox 366 1810 632 1884; x_wconf 88' lang='lat' dir='ltr'>isagogen</span> <span class='ocrx_word' id='word_1_107' title='bbox 708 1812 999 1880; x_wconf 78' lang='lat' dir='ltr'>symbolam</span> <span class='ocrx_word' id='word_1_108' title='bbox 1076 1811 1195 1865; x_wconf 91' lang='lat' dir='ltr'>fore</span> <span class='ocrx_word' id='word_1_109' title='bbox 1279 1827 1438 1880; x_wconf 89' lang='lat' dir='ltr'>spero</span> <span class='ocrx_word' id='word_1_110' title='bbox 1512 1810 1581 1864; x_wconf 91' lang='lat' dir='ltr'>ad</span> <span class='ocrx_word' id='word_1_111' title='bbox 1649 1810 1825 1864; x_wconf 89' lang='lat' dir='ltr'>media</span> 
     </span>
     <span class='ocr_line' id='line_1_20' title="bbox 365 1921 1814 1992; baseline 0.001 -18"><span class='ocrx_word' id='word_1_112' title='bbox 365 1921 793 1991; x_wconf 80' lang='lat' dir='ltr'>hermeneutica‚</span> <span class='ocrx_word' id='word_1_113' title='bbox 872 1939 1014 1992; x_wconf 89' lang='lat' dir='ltr'>quae</span> <span class='ocrx_word' id='word_1_114' title='bbox 1074 1923 1346 1991; x_wconf 76' lang='lat' dir='ltr'>dicuntur,</span> <span class='ocrx_word' id='word_1_115' title='bbox 1428 1922 1814 1977; x_wconf 86' lang='lat' dir='ltr'>antecedentia.</span> 
     </span>
     <span class='ocr_line' id='line_1_21' title="bbox 365 2034 1822 2105; baseline 0 -18"><span class='ocrx_word' id='word_1_116' title='bbox 365 2035 597 2105; x_wconf 82' lang='lat' dir='ltr'>Etymon</span> <span class='ocrx_word' id='word_1_117' title='bbox 638 2034 779 2088; x_wconf 89' lang='lat' dir='ltr'>enim</span> <span class='ocrx_word' id='word_1_118' title='bbox 821 2040 905 2087; x_wconf 92' lang='lat' dir='ltr'>est</span> <span class='ocrx_word' id='word_1_119' title='bbox 937 2034 1093 2104; x_wconf 89' lang='lat' dir='ltr'>quasi</span> <span class='ocrx_word' id='word_1_120' title='bbox 1116 2041 1371 2104; x_wconf 86' lang='lat' dir='ltr'>punctum</span> <span class='ocrx_word' id='word_1_121' title='bbox 1413 2035 1634 2104; x_wconf 77' lang='lat' dir='ltr'>salienS,</span> <span class='ocrx_word' id='word_1_122' title='bbox 1675 2034 1822 2089; x_wconf 90' lang='lat' dir='ltr'>unde</span> 
     </span>
     <span class='ocr_line' id='line_1_22' title="bbox 365 2144 1819 2217; baseline 0 -17"><span class='ocrx_word' id='word_1_123' title='bbox 365 2153 661 2217; x_wconf 90' lang='lat' dir='ltr'>potestates</span> <span class='ocrx_word' id='word_1_124' title='bbox 722 2147 966 2200; x_wconf 85' lang='lat' dir='ltr'>vocabuli</span> <span class='ocrx_word' id='word_1_125' title='bbox 1026 2154 1079 2201; x_wconf 88' lang='lat' dir='ltr'>et</span> <span class='ocrx_word' id='word_1_126' title='bbox 1144 2146 1501 2200; x_wconf 83' lang='lat' dir='ltr'>derivatorum</span> <span class='ocrx_word' id='word_1_127' title='bbox 1562 2148 1683 2217; x_wconf 89' lang='lat' dir='ltr'>ejus</span> <span class='ocrx_word' id='word_1_128' title='bbox 1751 2144 1819 2200; x_wconf 89' lang='lat' dir='ltr'>ad</span> 
     </span>
     <span class='ocr_line' id='line_1_23' title="bbox 365 2259 1817 2334; baseline -0.001 -21"><span class='ocrx_word' id='word_1_129' title='bbox 365 2275 530 2313; x_wconf 89' lang='lat' dir='ltr'>unum</span> <span class='ocrx_word' id='word_1_130' title='bbox 570 2275 758 2313; x_wconf 91' lang='lat' dir='ltr'>omnes</span> <span class='ocrx_word' id='word_1_131' title='bbox 799 2266 1062 2313; x_wconf 89' lang='lat' dir='ltr'>emanant.</span> <span class='ocrx_word' id='word_1_132' title='bbox 1115 2259 1348 2330; x_wconf 84' lang='lat' dir='ltr'>Analysi</span> <span class='ocrx_word' id='word_1_133' title='bbox 1386 2259 1599 2334; x_wconf 56' lang='lat' dir='ltr'>formae</span> <span class='ocrx_word' id='word_1_134' title='bbox 1632 2265 1685 2313; x_wconf 91' lang='lat' dir='ltr'>et</span> <span class='ocrx_word' id='word_1_135' title='bbox 1720 2273 1817 2312; x_wconf 90' lang='lat' dir='ltr'>ac-</span> 
     </span>
     <span class='ocr_line' id='line_1_24' title="bbox 363 2371 1820 2427; baseline 0.001 -3"><span class='ocrx_word' id='word_1_136' title='bbox 363 2371 701 2425; x_wconf 90' lang='lat' dir='ltr'>cidentalium</span> <span class='ocrx_word' id='word_1_137' title='bbox 751 2388 787 2425; x_wconf 93' lang='lat' dir='ltr'>a</span> <span class='ocrx_word' id='word_1_138' title='bbox 834 2372 1163 2427; x_wconf 88' lang='lat' dir='ltr'>necessariis</span> <span class='ocrx_word' id='word_1_139' title='bbox 1216 2372 1517 2426; x_wconf 89' lang='lat' dir='ltr'>secretione</span> <span class='ocrx_word' id='word_1_140' title='bbox 1566 2372 1635 2425; x_wconf 88' lang='lat' dir='ltr'>ad</span> <span class='ocrx_word' id='word_1_141' title='bbox 1686 2386 1820 2426; x_wconf 90' lang='lat' dir='ltr'>con-</span> 
     </span>
     <span class='ocr_line' id='line_1_25' title="bbox 365 2483 1818 2554; baseline 0 -17"><span class='ocrx_word' id='word_1_142' title='bbox 365 2483 674 2537; x_wconf 89' lang='lat' dir='ltr'>struendam</span> <span class='ocrx_word' id='word_1_143' title='bbox 748 2484 1102 2554; x_wconf 89' lang='lat' dir='ltr'>subtiliusque</span> <span class='ocrx_word' id='word_1_144' title='bbox 1165 2483 1592 2554; x_wconf 88' lang='lat' dir='ltr'>perspiciendam</span> <span class='ocrx_word' id='word_1_145' title='bbox 1649 2499 1818 2538; x_wconf 89' lang='lat' dir='ltr'>voca-</span> 
     </span>
     <span class='ocr_line' id='line_1_26' title="bbox 364 2595 1816 2670; baseline 0.001 -21"><span class='ocrx_word' id='word_1_146' title='bbox 364 2597 604 2650; x_wconf 87' lang='lat' dir='ltr'>bulorum</span> <span class='ocrx_word' id='word_1_147' title='bbox 646 2596 1084 2670; x_wconf 85' lang='lat' dir='ltr'>significationem</span> <span class='ocrx_word' id='word_1_148' title='bbox 1124 2596 1487 2665; x_wconf 63' lang='lat' dir='ltr'>pel-veniliam,</span> <span class='ocrx_word' id='word_1_149' title='bbox 1531 2613 1690 2667; x_wconf 89' lang='lat' dir='ltr'>quam</span> <span class='ocrx_word' id='word_1_150' title='bbox 1730 2595 1816 2650; x_wconf 90' lang='lat' dir='ltr'>in-</span> 
     </span>
    </p>
   </div>
   <div class='ocr_carea' id='block_1_9' title="bbox 365 2709 1817 2781">
    <p class='ocr_par' dir='ltr' id='par_1_9' title="bbox 365 2709 1817 2781">
     <span class='ocr_line' id='line_1_27' title="bbox 365 2709 1817 2781; baseline -0.001 -20"><span class='ocrx_word' id='word_1_151' title='bbox 365 2709 559 2781; x_wconf 90' lang='lat' dir='ltr'>digena</span> <span class='ocrx_word' id='word_1_152' title='bbox 610 2709 767 2777; x_wconf 88' lang='lat' dir='ltr'>quasi</span> <span class='ocrx_word' id='word_1_153' title='bbox 815 2709 1042 2763; x_wconf 86' lang='lat' dir='ltr'>naturali</span> <span class='ocrx_word' id='word_1_154' title='bbox 1096 2725 1266 2764; x_wconf 88' lang='lat' dir='ltr'>sensu</span> <span class='ocrx_word' id='word_1_155' title='bbox 1317 2711 1711 2778; x_wconf 87' lang='lat' dir='ltr'>assequebatur</span> <span class='ocrx_word' id='word_1_156' title='bbox 1763 2714 1817 2762; x_wconf 89' lang='lat' dir='ltr'>et</span> 
     </span>
    </p>
   </div>
  </div>
 </body>
</html>
