1934 3259
648 94 975 137 *119—

90 229 184 261 rum
228 211 471 275 vestigiis,
523 209 771 271 ingressus
815 213 891 255 est
932 208 1222 269 Eamus-tius,
1277 225 1395 274 quae
1443 210 1539 256 illis

89 291 326 350 deessent,
363 305 446 355 pro
481 287 607 335 virili
642 287 928 353 expleturus.
1002 287 1089 337 Sic
1125 295 1226 336 orta
1261 295 1382 347 sunt,
1419 303 1537 351 quae

87 370 135 418 in
171 369 446 434 Systemate
480 366 697 430 Linguae
731 365 1012 414 Aramaicae
1048 367 1289 432 proposuit:
1322 365 1383 415 de
1422 381 1538 414 con-

88 465 304 497 sonarum
334 447 562 494 firmarum
598 449 645 492 et
667 443 978 510 primariarum
1014 444 1163 493 triade
1198 446 1304 507 (K,
1346 444 1408 504 T,
1444 445 1537 506 P),

86 526 147 576 de
191 525 442 575 semisonis
485 523 776 573 sibilantibus
818 532 870 579 vj,
918 538 946 574 D
991 523 1318 588 sibilorumque
1352 539 1398 581 Β,
1433 532 1486 580 te),
1522 538 1536 574 τ

86 605 272 665 trifolio,
317 602 439 668 quod
475 618 620 651 sonos
656 601 720 650 K
748 608 796 651 et
836 600 886 650 T
923 603 1044 651 lenis
1090 603 1214 651 sibili
1259 602 1537 651 accessione

86 683 315 733 emollitas
366 682 581 742 exhibet,
634 680 694 730 de
741 681 990 730 semisonis
1035 681 1226 745 liquidis
1261 697 1294 739 1,
1332 696 1378 739 a,
1416 676 1462 739 ²7,
1499 696 1535 739 1,

84 777 332 825 eorumque
375 760 744 809 indurationibus
789 777 846 810 ac
881 760 1290 821 dissolutionibus,
1336 759 1537 822 denique

84 840 146 889 de
191 841 322 890 sonis
367 839 619 906 adspiratis
663 853 713 896 Π,
760 855 813 899 N,
859 853 913 898 Π,
958 856 982 898 y
1027 847 1075 888 et
1118 839 1358 888 nasalihus
1403 853 1441 896 1,
1488 855 1534 888 72.

84 920 216 979 Quae
250 918 432 984 quidem
475 918 790 985 phonologiae
834 918 1354 968 sanserito-semiticae
1388 918 1539 965 linea-

83 1004 250 1058 menta,
284 998 537 1046 innumeris
565 998 810 1063 exemplis,
847 1015 964 1062 quae
985 996 1365 1047 Concordantiae
1395 1012 1536 1062 prae-

6 1106 8 1117 ·
81 1078 274 1137 bebunt,
311 1076 494 1141 augeri,
540 1076 776 1125 emendari
811 1077 1063 1143 perficique
1097 1082 1325 1143 poterunt.
1395 1075 1538 1123 Licet

80 1157 174 1205 siut
217 1156 491 1223 imperfecta
533 1154 746 1219 adeoque
782 1156 1068 1216 adumbrata,
1115 1161 1222 1204 sunt
1262 1161 1416 1203 tamen
1462 1153 1536 1201 in-

81 1242 180 1284 star
214 1251 406 1301 mappae
442 1235 793 1300 geographicae
828 1235 1063 1295 habenda,
1109 1251 1228 1298 quae
1264 1234 1337 1282 cui
1374 1233 1421 1281 in
1457 1248 1536 1280 re-

79 1315 251 1380 giones
294 1315 432 1380 plane
473 1314 662 1377 ignotas
708 1315 1005 1374 commeanti,
1050 1320 1283 1377 utcunque
1328 1327 1536 1360 mancam

79 1409 181 1442 eam
234 1409 347 1441 esse
398 1392 782 1458 deprehenderit,
838 1400 1141 1461 opportunam
1193 1399 1345 1442 tamen
1396 1397 1534 1455 atque

79 1472 236 1521 utilem
272 1489 327 1520 se
361 1471 614 1539 praebebit.

213 1551 487 1600 Videndum
532 1556 607 1598 est
648 1565 813 1616 porro,
857 1555 907 1598 ut
947 1550 995 1600 in
1041 1550 1384 1616 comparatione
1426 1550 1534 1597 lite-

0 1626 27 1669 ²..
77 1646 155 1678 ras
198 1645 229 1680 ζὴ
287 1632 410 1691 (Ἡ),
449 1645 461 1681 Ἰ
510 1631 604 1695 (Ξ)
651 1638 697 1680 et
734 1648 746 1673 7
794 1633 872 1704 (ξ)
921 1629 1060 1698 signa
1109 1629 1342 1677 vocalium
1386 1628 1534 1692 origi-

76 1708 283 1763 nalimn„
296 1725 414 1774 quae
449 1710 789 1773 suntomnium
816 1707 1071 1773 linguarum
1104 1724 1386 1770 communes,
1422 1723 1534 1771 esse

76 1803 341 1854 REJRRSQQ,
418 1789 512 1837 His
565 1789 683 1838 solis
737 1788 1020 1837 semitismus
1069 1804 1218 1850 usque
1273 1787 1334 1835 ad
1387 1787 1563 1835 inter—·

77 1866 342 1932 punctionis
387 1866 705 1916 inventionem
748 1883 863 1915 usus
915 1873 1012 1926 est,
1065 1882 1210 1915 sonos
1262 1800 1551 1953 velocioresj

80 1946 173 2008 [uti
207 1962 266 2005 a,
303 1963 355 2004 e,
391 1951 440 1993 et
474 1961 503 1993 o
540 1947 711 2006 breve)
758 1945 1078 1994 distinctiores
1123 1951 1170 1993 et
1213 1944 1276 1993 ad
1313 1944 1548 2025 organis-q

76 2042 192 2073 mum
230 2024 448 2072 vocabuli
491 2024 816 2073 elementarem
860 2042 953 2073 non
994 2025 1284 2091 pertinentes
1327 2022 1549 2096 legenti-{

76 2104 164 2152 bus
209 2103 498 2166 relinquens3
551 2102 602 2152 id
648 2103 772 2167 quod
817 2111 1027 2152 veterum
1072 2102 1352 2151 testimoniis
1398 2102 1550 2150 lucu-'

76 2182 203 2231 lente
249 2182 556 2231 confirmatur.
636 2180 862 2249 Constat,
910 2182 1191 2249 interpretes
1233 2179 1531 2230 Alexandri-

78 2278 166 2309 nos
208 2267 344 2325 atque
391 2262 527 2319 etiam
569 2261 828 2321 Ehilonem,
873 2261 939 2309 uti
984 2277 1045 2309 ex
1083 2263 1188 2325 ejus
1224 2204 1550 2327 etymologiis(

78 2346 292 2405 apparet,
340 2341 710 2407 interpunctione
763 2341 861 2388 fixa
906 2339 1156 2388 destitutos
1202 2356 1346 2405 saepe
1401 2338 1530 2386 dia-

78 2418 296 2467 lectice
330 2419 549 2468 hebraica
584 2420 770 2484 legere3
805 2419 1059 2479 talmudes,
1096 2419 1187 2467 etsi
1214 2426 1392 2468 textum
1422 2419 1530 2466 lite-

77 2497 236 2544 raliter
269 2497 548 2547 intellectum
586 2515 778 2564 prorsus
814 2499 978 2547 eodem
1014 2498 1150 2546 modo
1186 2499 1392 2562 legisse,
1438 2516 1528 2563 quo

76 2592 186 2635 nos,
222 2575 461 2635 videntur,
496 2584 647 2626 tamen
683 2578 870 2627 defectu
904 2578 1304 2643 interpunctionis,
1339 2585 1389 2626 ut
1423 2578 1530 2626 trIta

77 2653 156 2701 illa
198 2668 301 2720 ’5ρῆ
346 2649 401 2705 ³7&
445 2655 783 2717 demonstrant,
844 2656 903 2704 ad
937 2657 1215 2705 midrasicae
1250 2657 1528 2722 interpreta—

76 2731 218 2779 tionis
270 2732 656 2783 introductionem
706 2735 853 2795 abuti3
919 2735 1119 2799 denique
1173 2736 1526 2801 Hieronymum,
1548 2720 1559 2777 ἶ

77 2810 237 2860 literas
281 2828 332 2871 ἃ,
369 2827 400 2868 Ἰ,
438 2829 471 2873 ’,
509 2828 551 2870 y,
588 2826 619 2866 Π
657 2814 743 2876 (ἂ,
778 2816 840 2874 ΐι,
878 2817 895 2863 ἲ
929 2821 1001 2874 et,
1051 2820 1100 2863 ut
1134 2813 1342 2875 videtur,
1381 2816 1438 2875 ὃ,
1474 2816 1527 2875 ἒ)
