1956 3270
1006 99 1304 144 ...43-

427 215 688 284 progenuit.
759 214 831 263 At
850 220 984 282 prout,
1019 230 1228 279 quaeque
1247 213 1363 263 fonti
1383 214 1615 282 capitique
1637 215 1716 266 isti
1752 233 1881 268 com-

428 296 552 344 muni
585 293 773 361 propior
808 300 883 343 est
916 300 994 342 aut
1028 295 1084 342 ab
1129 310 1186 342 eo
1232 293 1472 353 remotior,
1518 301 1654 360 prout
1697 296 1882 346 imme-

429 374 592 422 diate
627 379 705 420 aut
738 372 989 421 mediate
1025 390 1052 420 a
1094 372 1253 436 lingua
1296 372 1534 438 primaeva
1577 373 1751 422 initium
1793 376 1881 424 du-

428 452 514 511 xit,
550 451 596 498 h.
635 467 692 511 e.,
738 467 826 514 quo
863 467 1069 514 quaeque
1114 450 1274 514 lingua
1317 451 1544 515 antiquior
1596 459 1669 500 est
1724 453 1882 503 incor-
1927 432 1930 475 s

428 530 700 596 ruptiusque
737 537 1040 589 conservata,
1077 545 1133 577 eo
1179 529 1337 595 purius
1382 529 1704 594 integriusque
1747 532 1882 581 basin

430 609 696 675 primaevae
750 609 965 673 linguae,
1020 610 1156 671 cujus
1214 608 1346 671 quasi
1397 614 1544 667 tecta,
1589 609 1791 657 tabulata
1826 627 1883 660 ac
1928 611 1930 671 j

429 688 636 755 parietes
691 687 849 735 ruinas
895 686 1385 749 magnificentissimas
1431 686 1700 750 ediderunt,
1747 688 1884 737 nobis
1928 676 1956 742 ὲ>ζ

430 765 650 825 ostendit,
687 782 744 814 eo
780 765 965 813 fidelius
1000 766 1189 813 sormam
1225 781 1281 813 ac
1324 765 1530 831 speciem
1564 766 1752 829 linguae
1787 766 1884 831 pri-
1928 799 1956 818 μ

429 861 645 904 maevae,
702 845 957 910 perfectam
999 843 1123 891 illam
1168 849 1215 891 et
1259 843 1523 891 mirabiliter
1568 845 1884 910 compositam,
1928 862 1932 884 ι

431 924 566 988 quasi
602 930 740 989 caput
774 922 1067 989 praxitelium
1103 928 1180 970 aut
1215 928 1404 970 truncus
1426 938 1678 987 myroneus
1701 929 1886 972 statuae
1928 947 1931 970 1

431 1002 706 1069 deperditae
757 1007 1073 1059 venustatem,
1129 1006 1470 1065 repraesentat,
1514 1016 1571 1049 eo
1620 1000 1887 1049 evidentius
1929 1038 1931 1046 ,

430 1098 520 1130 nos
556 1080 710 1140 docet,
745 1081 1060 1146 protoplastos
1096 1079 1203 1137 Dei,
1240 1095 1373 1142 quam
1418 1079 1578 1127 simiae
1622 1079 1772 1128 fuisse
1818 1079 1887 1126 si-

431 1160 638 1209 miliores
674 1175 922 1222 eorumque
956 1158 1160 1221 linguam
1196 1174 1288 1205 non
1333 1164 1423 1205 tam
1466 1157 1713 1205 ululatibus
1757 1158 1885 1206 sera-

431 1256 530 1288 rum
565 1236 887 1304 respondisse,
925 1253 1057 1300 quam
1094 1236 1350 1301 composito
1386 1235 1453 1283 illi
1483 1236 1662 1299 sibique
1684 1252 1887 1285 consen·
1928 1234 1931 1270 ἱ

430 1317 564 1367 tienti
597 1315 907 1373 modulamini,
944 1313 1067 1378 quod
1111 1313 1171 1362 de
1218 1314 1433 1380 sphaeris
1480 1330 1650 1362 sonare
1694 1320 1888 1363 veteres
1928 1303 1931 1357 f

431 1396 594 1463 mytho
631 1393 904 1442 dulcissimo
941 1400 987 1441 et
1023 1392 1370 1458 sapientissimo
1406 1392 1604 1441 finxere.

532 1474 777 1524 Falluntur
811 1472 968 1536 igitur,
1005 1471 1081 1534 qui
1116 1488 1249 1517 unam
1285 1470 1345 1519 (le
1376 1470 1550 1535 linguis
1580 1472 1888 1533 exstantibus,

433 1568 732 1618 quaecunque
776 1558 872 1610 est,
929 1550 1212 1616 primaevam
1257 1557 1605 1612 ceterarumque
1651 1557 1889 1616 parentem

433 1649 545 1683 esse
582 1631 763 1692 dicunt3
801 1647 932 1694 quem
967 1629 1189 1677 honorem
1226 1629 1303 1692 qui
1326 1628 1586 1676 *hebraicae
1622 1629 1888 1690 attribuunt,

432 1711 606 1779 pietate
642 1725 757 1773 erga
793 1709 1068 1774 scripturam
1102 1723 1282 1755 sacram
1319 1707 1746 1772 superstitiosiores
1782 1713 1889 1756 sunt

434 1807 568 1854 qnam
584 1787 923 1851 religiosiores,
944 1786 1010 1833 uti
1027 1785 1196 1832 dudum
1222 1786 1489 1851 suspicatus
1515 1792 1589 1833 est
1610 1786 1889 1850 Gregorius,

432 1870 586 1917 lumen
619 1866 672 1914 N
675 1881 955 1930 yssenorum
991 1863 1144 1926 (372)
1186 1867 1244 1926 1).
1283 1863 1612 1914 Certissimum
1647 1879 1764 1912 vero
1801 1871 1892 1925 est,

434 1947 603 1996 nullius
638 1945 828 2008 linguae
862 1950 954 1991 tam
989 1942 1145 2008 prisca
1188 1950 1478 1990 monumenta
1523 1949 1713 2003 extare,
1759 1958 1892 2006 quam

434 2024 770 2082 hebraicae,
819 2038 909 2085 qua
955 2021 1185 2069 revelatio
1233 2021 1393 2069 divina
1435 2021 1483 2069 in
1531 2038 1663 2070 usum
1705 2021 1892 2070 humani
1927 2052 1929 2054 -

435 2103 626 2169 generis
663 2101 867 2150 decursu
900 2107 1153 2165 temporum
1189 2100 1467 2164 consignata
1490 2106 1577 2148 est.
1648 2100 1776 2166 Nam
1811 2117 1893 2148 sa-
1926 2104 1929 2155 ἐ

437 2199 545 2232 crae
591 2181 830 2234 Indorum
866 2179 1055 2243 linguae
1101 2186 1392 2245 monumenta
1436 2167 1892 2227 x⁷etustissima“‘vix
1927 2206 1930 2229 τ

435 2267 635 2309 aetatem
688 2258 840 2306 sancti
895 2256 1182 2306 Chronistae
1216 2246 1297 2318 [c.
1337 2245 1480 2316 512]
1533 2256 1789 2320 attingunt,
1844 2261 1892 2305 et

435 2339 561 2388 istuc
596 2337 834 2386 doctrinae
867 2354 897 2403 p
908 2353 966 2384 ar
977 2334 1026 2397 si
1040 2350 1066 2384 c
1078 2352 1106 2382 a
1116 2351 1143 2384 e
1179 2351 1349 2401 corpus
1358 2373 1372 2396 ,
1416 2335 1577 2399 lingua
1617 2352 1648 2383 z
1661 2351 1688 2384 e
1699 2353 1730 2383 n
1740 2334 1794 2382 di
1810 2350 1836 2384 c
1847 2351 1890 2397 a,
1925 2338 1928 2402 ξ

526 2553 567 2605 1)
601 2556 706 2593 Orat.
746 2555 880 2591 contra
915 2554 1083 2591 Eunom.
1123 2554 1216 2591 XII.
1280 2551 1323 2592 Ὁ
1361 2553 1483 2591 τοίνυν
1520 2553 1694 2603 Μωυσῆς
1733 2551 1892 2598 πολλαῖς

437 2618 596 2675 ὕστερον
625 2628 763 2674 γενεαῖς
791 2623 859 2671 τῆς
896 2621 1144 2671 πυργοποιῗας
1183 2616 1375 2670 γενόμενος
1414 2623 1482 2670 μιᾷ
1523 2624 1598 2658 τῶν
1636 2615 1731 2671 μετὰ
1768 2621 1891 2657 ταῦτα
1924 2613 1927 2647 '2

437 2692 610 2742 κέχρηται
656 2686 827 2741 γλώσσῃ,
864 2690 1060 2736 ἱστορικῶς
1108 2683 1176 2736 τὴν
1214 2689 1473 2737 κοσμογειυείαν
1520 2685 1606 2738 ἡμῖν
1644 2681 1889 2736 διηγούμενος.
1924 2713 1926 2725 ,

438 2759 506 2796 καί
530 2771 633 2802 τινας
661 2758 715 2805 τῷ
756 2751 842 2804 Θεῷ
878 2750 1085 2806 προςάπτει
1122 2750 1250 2803 ᾳωνὰς
1287 2755 1354 2806 τῆς
1392 2756 1527 2794 ἑαυτοῦ
1565 2749 1758 2805 γλώσσης,
1794 2748 1887 2792 καθ’
1923 2760 1926 2784 i

439 2820 485 2876 ἦν
513 2819 741 2865 πεπαίδευτό
772 2837 812 2862 τε
841 2823 904 2862 καὶ
933 2822 1163 2862 συνείθιστο.
