1956 3270
967 125 1012 133 --
1075 113 1268 145 XIV—-

394 217 503 257 nalis)
527 217 654 251 merita
683 217 789 258 plane
811 217 1030 259 singularia,
1064 217 1126 248 sed
1160 217 1354 251 eorundem
1388 219 1426 251 in
1448 218 1595 262 linguae
1619 222 1838 263 contempla-

392 275 492 306 tione
516 276 605 307 varii
629 275 750 314 lapsus
775 276 811 305 et
833 274 1019 314 multiplex
1042 281 1063 305 a
1094 274 1257 313 perfecta
1289 276 1499 317 expletaque
1529 277 1750 319 philologiae
1782 280 1845 310 he-

390 330 536 361 braicae
566 331 680 361 forma
715 329 908 361 aberratio.
967 330 1066 361 Gan.
1098 329 1142 361 de
1164 330 1361 363 Humboldt
1389 335 1426 364 et
1448 331 1514 364 Fr.
1539 333 1727 376 Boppz'us,
1771 334 1845 366 lin-

391 393 542 426 guarum
574 387 865 418 sanscriticarum
896 386 1121 428 sagacissimi
1150 386 1430 428 investigatores
1440 410 1451 429 ,
1482 396 1613 420 novam
1642 390 1737 419 viam
1769 391 1845 420 stu-

392 441 460 472 diis
496 443 671 473 semiticis
694 445 859 474 sternunt
884 446 937 483 et,
973 442 1053 482 quid
1077 442 1220 482 analysi
1250 443 1423 475 historice
1448 443 1676 484 comprobata
1706 446 1744 476 in
1774 445 1847 476 lin-

390 498 473 538 guis
497 498 668 528 semiticis
693 500 869 538 praestari
892 502 1016 538 queat,
1039 499 1076 529 in
1099 498 1402 539 indogermanicis
1429 499 1688 532 demonstrant.
1733 501 1847 533 Aetas

390 553 544 593 septima
568 562 590 585 a
612 553 692 586 Jul.
715 555 887 587 Faaerstz‘o
920 555 1089 585 inchoata
1112 553 1413 586 traditionem
1442 555 1646 596 neglectam
1667 557 1845 589 instaurat

391 612 429 639 et
461 612 739 650 comparationis
769 611 1041 649 interioris,
1078 609 1228 641 subsidii
1250 612 1564 652 praestantissimi,
1589 613 1708 644 certas
1739 613 1844 654 leges

390 667 529 705 quaerit
552 674 625 698 nou
648 668 765 698 solum
789 666 1120 706 dialectorum,
1143 667 1181 696 in
1205 666 1260 697 his
1283 669 1484 699 aramaicae
1509 669 1545 698 et
1568 669 1845 709 neonem-aicae,

390 722 655 761 complexione,
696 723 758 753 sed
789 724 898 754 etiam
927 722 1266 762 sanseritismi,
1303 721 1405 764 cujus
1436 724 1597 755 intimam
1631 732 1712 755 cum
1735 726 1845 756 semi-

389 778 495 808 tismo
526 778 826 810 necessitudinem
867 779 1018 815 evincit,
1061 777 1274 818 collatione,
1311 787 1383 810 non
1425 776 1665 819 conjecturali
1703 781 1768 811 illa
1805 783 1843 811 et

390 833 660 875 fragmentaria,
684 834 748 865 sed
772 834 1151 874 historico-analytica
1175 838 1211 865 et
1236 838 1422 875 utrumque
1444 836 1694 879 phonologice,
1718 844 1839 878 gram-

387 891 516 921 matice
540 891 644 930 aique
668 892 911 932 etymologice
937 889 1272 930 comprehendente.

477 980 618 1012 LIBER
651 980 902 1012 SECUNDUS.
955 979 1170 1023 Linquae
1201 982 1322 1023 origo,
1362 984 1491 1013 natura
1528 982 1634 1021 atque
1670 980 1840 1023 dignitas.

385 1034 667 1068 Primaevae
689 1037 835 1077 linguae
859 1037 1027 1068 interitus
1059 1045 1102 1069 ac
1127 1037 1372 1069 disseminatio
1405 1039 1443 1068 in
1469 1038 1611 1078 linguas
1643 1037 1841 1070 mediate

385 1095 447 1123 aut
470 1092 733 1124 immediate
757 1101 801 1124 ex
826 1101 870 1125 ea
894 1096 992 1124 ortas
1017 1094 1122 1133 eique
1145 1098 1264 1125 aetate
1287 1095 1345 1124 vel
1369 1095 1619 1133 propiores
1642 1095 1702 1125 vel
1725 1094 1770 1126 ab
1794 1101 1840 1125 ea

386 1150 690 1180 remotiores.
745 1150 886 1190 Lingua
910 1149 1104 1191 hebraica,
1135 1150 1223 1181 licet
1246 1151 1450 1191 neutiquam
1475 1151 1699 1191 primogenia
1723 1152 1759 1182 et
1781 1150 1841 1182 vel

386 1203 568 1236 aramaica
591 1208 709 1236 aetate
733 1205 910 1246 inferior,
935 1210 1052 1237 tamen
1075 1207 1315 1250 monumentis
1344 1207 1419 1236 suis
1443 1206 1572 1241 divinis
1597 1207 1753 1237 omnium
1777 1214 1843 1238 an-

384 1262 584 1301 tiquissima
607 1264 643 1292 et
667 1269 753 1301 prae
778 1264 909 1293 ceteris
935 1250 1060 1303 digna,
1094 1271 1183 1302 quae
1214 1264 1251 1293 in
1275 1262 1393 1294 medio
1416 1263 1663 1293 universitatis
1692 1262 1837 1302 lingua-

383 1326 463 1349 rum
487 1319 731 1357 comparative
754 1317 1045 1349 illustrandarum
1069 1319 1280 1350 collocetur.
1322 1318 1748 1358 Lineamenga‚metl10di‚
1771 1316 1841 1358 qua.

384 1371 463 1404 sola
487 1380 568 1404 cum
591 1373 712 1404 fructu
737 1375 901 1404 veritatis
925 1375 1137 1414 investigari
1161 1375 1286 1414 possit.
1339 1374 1650 1419 Τναάρἰὶοηὶε
1674 1381 1754 1405 cum
1778 1381 1841 1405 ec-

383 1429 611 1460 clesiasticae
638 1434 713 1460 tum
737 1430 975 1469 synagogalis
999 1431 1264 1470 praerogativa,
1288 1430 1418 1468 fonteS,
1442 1430 1596 1468 pret-ium
1621 1432 1657 1460 et
1680 1431 1719 1462 in
1742 1431 1841 1461 veri-

383 1487 457 1516 tate
488 1485 724 1524 praevidenda
767 1493 937 1524 prospera
975 1486 1183 1525 plerumque
1226 1486 1397 1517 divinatio
1438 1485 1609 1524 exemplis
1646 1485 1840 1517 illustrata.

383 1541 612 1581 Comparatio
644 1542 791 1581 linguae
822 1542 1011 1573 hebraicae
1045 1550 1125 1573 cum
1148 1547 1262 1573 semet
1292 1544 1369 1582 ipsa
1392 1542 1550 1572 interior
1577 1549 1606 1571 s,
1630 1541 1838 1583 domestica,

382 1595 460 1638 ejus
494 1598 615 1637 leges,
652 1597 814 1628 cautelae
847 1600 882 1628 et
914 1598 1070 1638 fructus,
1103 1605 1183 1628 cum
1213 1598 1315 1638 larga
1347 1596 1592 1636 exemplorum
1622 1597 1838 1636 prolatione.

380 1655 606 1694 Comparatio
631 1653 875 1684 dialectorum
898 1655 1144 1685 semitis-arum
1175 1655 1236 1684 uni
1266 1655 1378 1692 stirpe
1410 1654 1615 1682 innixarum
1648 1653 1837 1693 lucemque

379 1700 523 1742 sibimet
553 1711 642 1749 ipsis
674 1710 828 1740 invicem
860 1710 1117 1749 praebentium.
1174 1709 1460 1749 Comparationis
1491 1708 1706 1739 dialecticae
1738 1708 1838 1740 rudi-

379 1771 499 1799 menta
523 1766 717 1805 antiquitus
741 1766 876 1804 posita,
909 1765 973 1795 sed
1003 1767 1082 1796 sine
1113 1770 1214 1796 recta
1238 1766 1379 1797 ratione
1410 1763 1629 1804 providaque
1660 1765 1725 1796 illa
1749 1773 1837 1796 cau-

380 1826 479 1855 tione
518 1830 581 1862 pro
621 1821 749 1852 aetatis
789 1824 894 1860 atque
926 1821 1058 1852 indolis
1100 1821 1338 1852 dialectorum
1378 1820 1588 1851 diversitate
1627 1819 1837 1853 adhibenda.

379 1880 565 1911 Dialectus
598 1877 841 1914 ammaim,
875 1879 998 1915 utpote
1035 1879 1193 1908 omnium
1217 1878 1463 1918 antiquissima
1495 1879 1530 1908 et
1554 1877 1734 1908 arabicam
1757 1886 1836 1909 mo-

378 1921 630 1969 numentorum
652 1936 833 1963 vetustate
857 1924 1289 1973 superanssceterarum
1322 1934 1528 1972 coryphaea
1562 1937 1597 1964 et
1622 1935 1724 1973 quasi
1748 1934 1835 1965 cho-

376 1994 486 2033 ragis.
533 1989 795 2028 Contemplatio
820 1984 920 2029 ejus,
946 1990 1060 2028 qualis
1083 1992 1197 2030 viguit
1221 1990 1396 2030 quondam
1421 1994 1457 2020 et
1487 1991 1525 2020 in
1549 1990 1705 2021 ecclesia
1728 1992 1765 2021 et
1787 1991 1826 2021 in

374 2055 575 2089 synagoga,
590 2046 799 2077 nominatim
817 2046 911 2075 inter
923 2045 1080 2076 Judaeos
1097 2047 1479 2086 palaestinenses
1505 2049 1539 2077 et
1566 2047 1833 2086 aegyptios.

374 2106 583 2137 Idiomatum
602 2098 1034 2142 judaico-aramaicorum
1056 2104 1178 2133 variae
1201 2104 1418 2142 propagines
1449 2110 1515 2133 suo
1541 2102 1665 2133 ordine
1690 2102 1832 2142 sigilla-

374 2163 437 2193 tim
462 2158 720 2192 consideratae.
778 2157 947 2188 Soloearz'ci
979 2160 1152 2198 (gnostici
1184 2161 1369 2198 permixti)
1402 2163 1438 2190 et
1461 2159 1668 2190 masoretim’
1692 2160 1832 2198 (gram-

373 2217 497 2249 matici
520 2215 810 2256 palaestinensis)
844 2213 1117 2244 disterminat-io.
1177 2216 1422 2246 Aramaismus
1457 2216 1672 2246 christianus
1703 2223 1735 2260 s.
1767 2223 1831 2254 sy-

374 2275 524 2309 riacus‚·
560 2272 696 2302 monita
729 2278 771 2300 ac
797 2274 987 2309 praecepta
1011 2269 1054 2300 de
1086 2270 1155 2301 hoc
1186 2271 1320 2311 illoque
1344 2271 1594 2311 comparando.
1653 2260 1830 2301 collectio

373 2329 627 2361 vocabulortun
650 2327 893 2356 solitariorum
917 2328 977 2356 aut
1000 2327 1178 2357 rariorum
1201 2327 1347 2367 linguae
1383 2328 1574 2359 hebraicae
1606 2335 1650 2357 ex
1679 2327 1831 2358 idioma-

374 2387 419 2417 tis
450 2385 640 2416 aramaicis
670 2383 942 2413 illustratorum.
999 2381 1218 2421 Significatio
1253 2384 1433 2423 primitiva
1470 2384 1606 2423 aliquot
1637 2383 1829 2414 verborum

372 2439 519 2483 ejusque
543 2440 755 2480 propagatio
780 2444 822 2468 ac
848 2437 1034 2468 translatio
1059 2437 1217 2468 indidem
1250 2439 1440 2478 explicata.
1481 2441 1594 2485 ‘Ratio
1627 2440 1828 2470 institutio-

373 2506 441 2539 que
463 2499 612 2538 linguae
636 2494 810 2526 arabicae
833 2493 1113 2533 comparandae3
1147 2490 1252 2533 hujus
1285 2494 1427 2526 diversa
1450 2498 1568 2533 aetas,
1599 2497 1740 2535 species
1771 2499 1829 2526 at-

373 2563 440 2596 que
464 2554 614 2585 indoles.
660 2551 817 2582 Dialecti
841 2546 1159 2590 himjariticae
1191 2552 1228 2580 et
1258 2553 1401 2590 priscae
1432 2551 1658 2582 koraisensis
1688 2553 1726 2582 in
1757 2551 1832 2582 tals

371 2610 534 2641 mudibus
566 2612 602 2639 et
633 2608 798 2638 midrasis
829 2611 1012 2646 utramque
1048 2605 1214 2636 conferre
1255 2608 1372 2638 solitis
1404 2608 1590 2647 reliquiae.
1644 2608 1825 2639 Arabicae

372 2668 516 2707 linguae
542 2664 695 2695 decursu
719 2668 918 2703 temporum
952 2663 1184 2702 propagatio,
1230 2659 1307 2702 ejus
1339 2671 1404 2703 per
1434 2664 1601 2694 Islamum
1631 2664 1823 2694 conversio

372 2731 443 2753 non
467 2723 545 2752 sine
569 2721 822 2760 cooperatione
847 2719 1051 2750 aramaismi
1069 2714 1207 2757 judaici
1231 2724 1265 2749 et
1299 2720 1484 2750 christiani
1508 2720 1623 2757 sacta,
1667 2715 1745 2758 ejus
1767 2720 1824 2749 vi-

373 2777 601 2809 cissitudines
625 2777 989 2815 commutationesque
1021 2776 1056 2805 in
1082 2781 1145 2805 ore
1170 2775 1266 2815 vulgi
1303 2778 1515 2816 scriptisque
1547 2776 1726 2806 hominum
1751 2777 1824 2805 tra-

373 2834 520 2865 ditionis
552 2833 807 2872 literarumque
840 2831 967 2863 studiis
1007 2830 1215 2861 deditorum.
1277 2829 1365 2873 Ejus
1400 2833 1551 2864 virtutes
1588 2832 1748 2872 insignes
1779 2829 1823 2862 ad
