1956 3270
994 74 1291 119 ...46-

416 196 749 257 augescentem
783 190 1039 254 linguarum
1074 188 1406 237 multitudinem
1441 188 1656 251 diremta,
1701 165 1865 254 quibus

414 273 536 321 inter
571 287 625 320 se
661 269 846 319 collatis
881 267 941 316 ad
977 275 1114 334 caput
1146 269 1335 332 linguae
1362 268 1646 333 primaevae,
1681 269 1866 319 histo-

416 352 583 400 ricae
617 349 742 397 illius
772 354 819 396 et
848 363 1133 410 nequaquam
1154 347 1437 410 cogitatione
1457 346 1750 407 informatae,
1793 356 1868 397 sat

417 429 571 478 multis
615 425 837 490 vestigiis
882 425 1130 491 pervenire
1175 427 1370 488 ejusque
1414 425 1765 490 pulcritudinem
1811 443 1867 474 ac

417 508 676 566 veritatem,
714 504 847 568 quasi
881 520 943 551 ex
965 504 1058 550 late
1095 502 1264 550 diffusa
1297 520 1530 568 vesperae
1552 521 1752 570 purpura
1786 521 1868 552 so·-

416 587 475 634 lis
513 585 673 634 occasi
706 584 949 647 fulgorem,
986 581 1202 645 augurari
1237 598 1506 647 possumus,
1543 581 1728 645 deinde,
1764 599 1869 632 ser-

417 681 620 724 monem,
657 663 699 711 si
735 661 794 709 ad
838 660 1157 723 antiquissima
1199 666 1404 726 tempora
1445 661 1669 727 respicis,
1713 678 1806 710 non
1841 680 1869 710 a

418 742 520 792 rudi
537 742 730 790 infantia
751 738 1079 802 inconditaque
1114 737 1518 804 ὀνοματοποιήσει
1553 739 1613 787 ad
1649 741 1870 789 culturam

416 821 678 888 politiorem
714 819 1055 881 dictionemque
1090 817 1256 865 rationi
1299 817 1724 867 convenientiorem
1760 835 1871 884 pro-

417 916 657 964 gressum,
712 897 799 947 sed
852 897 1066 945 vicissim
1118 914 1147 944 a
1196 894 1393 961 pristina
1452 897 1871 959 coagmentationis

417 978 671 1027 subtilitate
724 976 1145 1039 vocabulorumque
1206 989 1308 1022 cum
1366 973 1630 1023 notionibus
1690 975 1872 1023 interna

417 1055 723 1121 congruentia
758 1054 818 1102 ad
852 1054 1004 1118 magis
1048 1060 1285 1102 externam
1328 1052 1376 1099 in
1421 1053 1740 1118 componendo
1782 1070 1872 1118 ag-

414 1135 765 1200 glutinationem
787 1131 1230 1194 consuetudinisque
1260 1132 1448 1179 abusum
1470 1130 1710 1197 delapsum
1745 1149 1872 1193 esse,

414 1214 464 1262 id
500 1213 636 1277 quod,
671 1212 899 1279 inspectis
934 1210 1171 1259 veterrimi
1207 1209 1514 1257 sanseritismi
1548 1217 1594 1258 et
1629 1211 1872 1259 semitismi

417 1292 735 1358 compagibus,
771 1296 987 1357 apparet,
1024 1289 1222 1352 denique
1256 1288 1443 1351 linguas
1479 1304 1704 1353 omnesma
1749 1289 1873 1353 legi-

416 1371 505 1431 bus
538 1369 926 1425 necessariis
961 1368 1223 1434 proficisci,
1271 1383 1388 1429 quae
1433 1367 1615 1414 cunctis
1660 1366 1873 1430 ejusdem

415 1449 614 1513 originis
651 1448 969 1497 communione
1005 1442 1304 1495 communiter
1339 1445 1548 1505 subsunt,
1584 1443 1672 1493 sed
1689 1446 1875 1493 multum

416 1526 643 1593 deinceps
677 1525 854 1574 fortuiti
888 1541 945 1574 ac
981 1522 1319 1573 consuetudine
1360 1522 1529 1571 sanciti
1572 1523 1874 1584 assumsisse,

417 1606 541 1670 quod
576 1605 637 1653 ad
670 1606 809 1670 leges
829 1605 1037 1653 internas
1074 1602 1205 1666 exigi
1241 1617 1334 1649 non
1368 1607 1537 1667 potest,
1566 1600 1654 1649 sed
1689 1600 1875 1650 aliunde

417 1684 647 1751 explicari
683 1689 888 1749 oportet3
925 1699 1014 1745 qua
1048 1681 1095 1729 in
1130 1696 1182 1727 re
1219 1679 1426 1728 scholam
1461 1679 1731 1728 rationalem
1766 1696 1876 1728 sae-

417 1780 666 1830 penumero
702 1763 866 1810 salsam
904 1777 1015 1810 esse
1051 1758 1471 1807 animadvertimus.
1543 1756 1756 1806 Indidem
1791 1775 1877 1824 ap-

417 1848 573 1909 paret,
619 1857 744 1889 mera
793 1843 1066 1904 conjectura
1112 1838 1220 1887 duci
1266 1854 1375 1898 eos,
1433 1836 1510 1901 qui
1564 1837 1875 1903 suspicantur,

416 1920 753 1970 hebraicam
786 1919 992 1983 linguam
1033 1917 1315 1984 primaevam
1357 1916 1483 1965 illam
1525 1931 1637 1964 esse
1679 1931 1736 1964 ac
1778 1915 1877 1982 pri-

416 1998 681 2064 migeniam,
716 2005 908 2047 matrem
943 2004 1200 2046 ceterarum
1235 1997 1508 2059 linguarum,
1546 2009 1664 2058 quae
1691 1992 1877 2059 disper-

418 2077 553 2125 sione
589 2084 718 2126 ortae
754 2084 875 2138 sunt,
912 2076 1230 2142 superstitem:
1269 2090 1386 2138 quae
1432 2072 1685 2131 sententia,
1730 2089 1877 2135 quan-

418 2155 590 2203 tmnvis
646 2157 773 2205 nullo
830 2155 1087 2221 scripturae
1141 2152 1339 2213 indicio,
1392 2151 1558 2200 nedum
1609 2150 1874 2199 testimonio

417 2234 545 2293 fulta,
581 2252 610 2281 a
645 2251 898 2300 synagoga
939 2236 981 2295 ¹)
1019 2233 1317 2299 patribusque
1352 2229 1587 2279 ecclesiae
1609 2229 1655 2276 in
1678 2229 1876 2292 gratiam

418 2313 618 2362 Veteris
654 2313 952 2362 Testamenti
988 2328 1044 2361 ea
1078 2311 1238 2375 lingua
1275 2308 1539 2372 consignati
1582 2314 1774 2373 recepta
1818 2323 1875 2356 ac

419 2391 618 2441 detensa
652 2400 741 2441 est.
811 2393 961 2440 Plane
995 2406 1112 2440 vero
1147 2389 1327 2438 insulsa
1362 2394 1436 2437 est
1483 2386 1874 2449 Theodoreti,

509 2597 550 2648 1)
580 2601 783 2636 Postremo
811 2598 916 2635 hane
945 2594 1182 2632 sententiam
1212 2594 1386 2631 studiose
1418 2593 1616 2641 defendit,
1656 2593 1755 2640 quod
1794 2591 1873 2629 mi-

419 2675 520 2714 rere,
550 2667 688 2703 Moses
726 2665 1009 2702 Mendelssolm
1052 2663 1092 2700 in
1130 2662 1318 2710 Prolegg.
1360 2662 1598 2698 doctissimis
1637 2661 1687 2696 ad
1722 2663 1873 2698 Penta-

418 2734 555 2771 teuehi
584 2734 794 2770 editionem
837 2732 894 2770 Or
933 2732 1132 2769 li-Netiba
1170 2730 1420 2777 inscriptam3
1461 2730 1514 2767 ef.
1571 2729 1660 2768 Gur
1695 2726 1795 2775 Arse
1832 2739 1873 2776 p.

419 2801 460 2840 9.
493 2800 560 2838 19.
591 2802 811 2852 Augustin.
841 2801 890 2838 de
919 2799 1038 2838 Civit.
1067 2799 1182 2850 XVI,
1211 2796 1249 2834 1.
