<?xml version="1.0" encoding="UTF-8"?>
<!DOCTYPE html PUBLIC "-//W3C//DTD XHTML 1.0 Transitional//EN"
    "http://www.w3.org/TR/xhtml1/DTD/xhtml1-transitional.dtd">
<html xmlns="http://www.w3.org/1999/xhtml" xml:lang="en" lang="en">
 <head>
  <title>
</title>
<meta http-equiv="Content-Type" content="text/html;charset=utf-8" />
  <meta name='ocr-system' content='tesseract 3.04.00' />
  <meta name='ocr-capabilities' content='ocr_page ocr_carea ocr_par ocr_line ocrx_word'/>
</head>
<body>
  <div class='ocr_page' id='page_1' title='image "./jesurunsiveprole00deliuoft/jesurunsiveprole00deliuoft_0083.png"; bbox 0 0 1934 3259; ppageno 0'>
   <div class='ocr_carea' id='block_1_1' title="bbox 632 65 930 109">
    <p class='ocr_par' dir='ltr' id='par_1_1' title="bbox 632 65 930 109">
     <span class='ocr_line' id='line_1_1' title="bbox 632 65 930 109; baseline 0.003 -11"><span class='ocrx_word' id='word_1_1' title='bbox 632 65 930 109; x_wconf 57' lang='lat'>-49—</span> 
     </span>
    </p>
   </div>
   <div class='ocr_carea' id='block_1_2' title="bbox 56 179 1548 2896">
    <p class='ocr_par' dir='ltr' id='par_1_2' title="bbox 56 179 1548 2896">
     <span class='ocr_line' id='line_1_2' title="bbox 59 179 1512 251; baseline -0.005 -17"><span class='ocrx_word' id='word_1_2' title='bbox 59 202 176 251; x_wconf 86' lang='lat' dir='ltr'>quae</span> <span class='ocrx_word' id='word_1_3' title='bbox 207 189 285 247; x_wconf 20' lang='lat' dir='ltr'>‘est</span> <span class='ocrx_word' id='word_1_4' title='bbox 320 181 579 231; x_wconf 79' lang='lat' dir='ltr'>sanscritae</span> <span class='ocrx_word' id='word_1_5' title='bbox 619 181 700 230; x_wconf 78' lang='lat' dir='ltr'>vel</span> <span class='ocrx_word' id='word_1_6' title='bbox 736 197 871 228; x_wconf 80' lang='lat' dir='ltr'>soror</span> <span class='ocrx_word' id='word_1_7' title='bbox 916 180 1063 227; x_wconf 84' lang='lat' dir='ltr'>minor</span> <span class='ocrx_word' id='word_1_8' title='bbox 1108 179 1187 228; x_wconf 79' lang='lat' dir='ltr'>vel</span> <span class='ocrx_word' id='word_1_9' title='bbox 1230 180 1346 239; x_wconf 80' lang='lat' dir='ltr'>tilia,</span> <span class='ocrx_word' id='word_1_10' title='bbox 1393 196 1512 228; x_wconf 83' lang='lat' dir='ltr'>exa-</span> 
     </span>
     <span class='ocr_line' id='line_1_3' title="bbox 58 258 1513 323; baseline -0.005 -11"><span class='ocrx_word' id='word_1_11' title='bbox 58 271 216 322; x_wconf 83' lang='lat' dir='ltr'>ratum7</span> <span class='ocrx_word' id='word_1_12' title='bbox 253 268 449 310; x_wconf 91' lang='lat' dir='ltr'>aetatem</span> <span class='ocrx_word' id='word_1_13' title='bbox 472 261 633 308; x_wconf 83' lang='lat' dir='ltr'>Ezrae</span> <span class='ocrx_word' id='word_1_14' title='bbox 665 258 816 322; x_wconf 76' lang='lat'>(450)</span> <span class='ocrx_word' id='word_1_15' title='bbox 842 274 1064 323; x_wconf 80' lang='lat' dir='ltr'>superare</span> <span class='ocrx_word' id='word_1_16' title='bbox 1087 258 1226 306; x_wconf 78' lang='lat' dir='ltr'>nullis</span> <span class='ocrx_word' id='word_1_17' title='bbox 1262 275 1513 323; x_wconf 86' lang='lat' dir='ltr'>argumen-</span> 
     </span>
     <span class='ocr_line' id='line_1_4' title="bbox 57 336 1512 405; baseline -0.005 -14"><span class='ocrx_word' id='word_1_18' title='bbox 57 343 119 391; x_wconf 84' lang='lat' dir='ltr'>tis</span> <span class='ocrx_word' id='word_1_19' title='bbox 164 341 320 390; x_wconf 89' lang='lat' dir='ltr'>evinci</span> <span class='ocrx_word' id='word_1_20' title='bbox 342 346 510 405; x_wconf 85' lang='lat' dir='ltr'>potest.</span> <span class='ocrx_word' id='word_1_21' title='bbox 582 337 906 386; x_wconf 72' lang='lat' dir='ltr'>Bibliothecae</span> <span class='ocrx_word' id='word_1_22' title='bbox 941 336 1300 401; x_wconf 86' lang='lat' dir='ltr'>phoeniciae</span> <span class='ocrx_word' id='word_1_23' title='bbox 1337 344 1383 385; x_wconf 88' lang='lat' dir='ltr'>et</span> <span class='ocrx_word' id='word_1_24' title='bbox 1417 356 1512 404; x_wconf 89' lang='lat' dir='ltr'>pu-</span> 
     </span>
     <span class='ocr_line' id='line_1_5' title="bbox 58 415 1512 484; baseline -0.003 -16"><span class='ocrx_word' id='word_1_25' title='bbox 58 421 228 469; x_wconf 80' lang='lat' dir='ltr'>nicae</span> <span class='ocrx_word' id='word_1_26' title='bbox 264 426 514 484; x_wconf 86' lang='lat' dir='ltr'>temporum</span> <span class='ocrx_word' id='word_1_27' title='bbox 550 415 772 483; x_wconf 75' lang='lat' dir='ltr'>procellis</span> <span class='ocrx_word' id='word_1_28' title='bbox 809 416 1027 479; x_wconf 87' lang='lat' dir='ltr'>abreptae</span> <span class='ocrx_word' id='word_1_29' title='bbox 1063 422 1183 476; x_wconf 65' lang='lat' dir='ltr'>sunt,</span> <span class='ocrx_word' id='word_1_30' title='bbox 1215 417 1512 477; x_wconf 80' lang='lat' dir='ltr'>voluminum,</span> 
     </span>
     <span class='ocr_line' id='line_1_6' title="bbox 58 494 1513 563; baseline -0.003 -16"><span class='ocrx_word' id='word_1_31' title='bbox 58 515 176 563; x_wconf 88' lang='lat' dir='ltr'>quae</span> <span class='ocrx_word' id='word_1_32' title='bbox 226 496 516 546; x_wconf 86' lang='lat' dir='ltr'>Anatolia</span> <span class='ocrx_word' id='word_1_33' title='bbox 567 495 896 554; x_wconf 77' lang='lat' dir='ltr'>accumulavit,</span> <span class='ocrx_word' id='word_1_34' title='bbox 951 509 1010 541; x_wconf 92' lang='lat' dir='ltr'>ne</span> <span class='ocrx_word' id='word_1_35' title='bbox 1062 494 1283 559; x_wconf 76' lang='lat' dir='ltr'>paginula</span> <span class='ocrx_word' id='word_1_36' title='bbox 1330 495 1513 558; x_wconf 87' lang='lat' dir='ltr'>quidem</span> 
     </span>
     <span class='ocr_line' id='line_1_7' title="bbox 58 572 1514 639; baseline -0.003 -13"><span class='ocrx_word' id='word_1_37' title='bbox 58 577 239 638; x_wconf 75' lang='lat' dir='ltr'>mansit,</span> <span class='ocrx_word' id='word_1_38' title='bbox 275 582 335 636; x_wconf 71' lang='lat' dir='ltr'>et,</span> <span class='ocrx_word' id='word_1_39' title='bbox 372 574 590 638; x_wconf 83' lang='lat' dir='ltr'>quidquid</span> <span class='ocrx_word' id='word_1_40' title='bbox 627 572 960 639; x_wconf 80' lang='lat' dir='ltr'>Babylonia</span> <span class='ocrx_word' id='word_1_41' title='bbox 1005 578 1053 620; x_wconf 88' lang='lat' dir='ltr'>et</span> <span class='ocrx_word' id='word_1_42' title='bbox 1087 572 1360 638; x_wconf 83' lang='lat' dir='ltr'>Assyria</span> <span class='ocrx_word' id='word_1_43' title='bbox 1395 589 1514 622; x_wconf 89' lang='lat' dir='ltr'>exa-</span> 
     </span>
     <span class='ocr_line' id='line_1_8' title="bbox 56 651 1514 717; baseline -0.003 -13"><span class='ocrx_word' id='word_1_44' title='bbox 56 673 239 715; x_wconf 80' lang='lat' dir='ltr'>ravere,</span> <span class='ocrx_word' id='word_1_45' title='bbox 277 670 409 702; x_wconf 92' lang='lat' dir='ltr'>omne</span> <span class='ocrx_word' id='word_1_46' title='bbox 443 652 692 713; x_wconf 68' lang='lat' dir='ltr'>intercidit,</span> <span class='ocrx_word' id='word_1_47' title='bbox 728 652 815 699; x_wconf 79' lang='lat' dir='ltr'>vix</span> <span class='ocrx_word' id='word_1_48' title='bbox 849 658 898 699; x_wconf 89' lang='lat' dir='ltr'>ut</span> <span class='ocrx_word' id='word_1_49' title='bbox 925 651 1177 714; x_wconf 82' lang='lat' dir='ltr'>vestigium</span> <span class='ocrx_word' id='word_1_50' title='bbox 1206 659 1514 717; x_wconf 85' lang='lat' dir='ltr'>appareat—-</span> 
     </span>
     <span class='ocr_line' id='line_1_9' title="bbox 58 730 1515 796; baseline -0.003 -13"><span class='ocrx_word' id='word_1_51' title='bbox 58 743 105 783; x_wconf 84' lang='lat' dir='ltr'>at</span> <span class='ocrx_word' id='word_1_52' title='bbox 140 733 327 781; x_wconf 86' lang='lat' dir='ltr'>divinae</span> <span class='ocrx_word' id='word_1_53' title='bbox 361 731 666 780; x_wconf 82' lang='lat' dir='ltr'>revelationis</span> <span class='ocrx_word' id='word_1_54' title='bbox 702 730 962 796; x_wconf 77' lang='lat' dir='ltr'>pandectae</span> <span class='ocrx_word' id='word_1_55' title='bbox 1008 746 1110 778; x_wconf 90' lang='lat' dir='ltr'>cum</span> <span class='ocrx_word' id='word_1_56' title='bbox 1155 730 1308 794; x_wconf 84' lang='lat' dir='ltr'>iisque</span> <span class='ocrx_word' id='word_1_57' title='bbox 1354 731 1515 794; x_wconf 83' lang='lat' dir='ltr'>lingua</span> 
     </span>
     <span class='ocr_line' id='line_1_10' title="bbox 57 808 1515 874; baseline -0.003 -13"><span class='ocrx_word' id='word_1_58' title='bbox 57 812 290 871; x_wconf 77' lang='lat' dir='ltr'>hebraica,</span> <span class='ocrx_word' id='word_1_59' title='bbox 327 811 460 874; x_wconf 79' lang='lat' dir='ltr'>quasi</span> <span class='ocrx_word' id='word_1_60' title='bbox 494 810 627 858; x_wconf 83' lang='lat' dir='ltr'>vitali</span> <span class='ocrx_word' id='word_1_61' title='bbox 663 826 768 858; x_wconf 89' lang='lat' dir='ltr'>rore</span> <span class='ocrx_word' id='word_1_62' title='bbox 805 809 1002 858; x_wconf 81' lang='lat' dir='ltr'>coelitus</span> <span class='ocrx_word' id='word_1_63' title='bbox 1040 809 1212 872; x_wconf 81' lang='lat' dir='ltr'>rigata,</span> <span class='ocrx_word' id='word_1_64' title='bbox 1256 808 1515 858; x_wconf 86' lang='lat' dir='ltr'>incolumes</span> 
     </span>
     <span class='ocr_line' id='line_1_11' title="bbox 58 886 1516 956; baseline -0.004 -16"><span class='ocrx_word' id='word_1_65' title='bbox 58 891 119 940; x_wconf 84' lang='lat' dir='ltr'>ad</span> <span class='ocrx_word' id='word_1_66' title='bbox 154 908 240 939; x_wconf 80' lang='lat' dir='ltr'>nos</span> <span class='ocrx_word' id='word_1_67' title='bbox 275 895 600 956; x_wconf 86' lang='lat' dir='ltr'>pervenerunt.</span> <span class='ocrx_word' id='word_1_68' title='bbox 678 889 868 936; x_wconf 81' lang='lat' dir='ltr'>Etenim</span> <span class='ocrx_word' id='word_1_69' title='bbox 913 894 1052 935; x_wconf 83' lang='lat' dir='ltr'>vetus</span> <span class='ocrx_word' id='word_1_70' title='bbox 1103 886 1217 934; x_wconf 82' lang='lat' dir='ltr'>illud</span> <span class='ocrx_word' id='word_1_71' title='bbox 1260 893 1516 935; x_wconf 84' lang='lat' dir='ltr'>testamen-</span> 
     </span>
     <span class='ocr_line' id='line_1_12' title="bbox 61 965 1515 1031; baseline -0.003 -13"><span class='ocrx_word' id='word_1_72' title='bbox 61 976 154 1018; x_wconf 86' lang='lat' dir='ltr'>tum</span> <span class='ocrx_word' id='word_1_73' title='bbox 189 969 325 1017; x_wconf 88' lang='lat' dir='ltr'>nullis</span> <span class='ocrx_word' id='word_1_74' title='bbox 362 968 739 1018; x_wconf 81' lang='lat' dir='ltr'>bibliothecarum</span> <span class='ocrx_word' id='word_1_75' title='bbox 775 965 1030 1026; x_wconf 77' lang='lat' dir='ltr'>incendiis,</span> <span class='ocrx_word' id='word_1_76' title='bbox 1076 965 1215 1013; x_wconf 79' lang='lat' dir='ltr'>nullis</span> <span class='ocrx_word' id='word_1_77' title='bbox 1260 972 1515 1031; x_wconf 89' lang='lat' dir='ltr'>temporum</span> 
     </span>
     <span class='ocr_line' id='line_1_13' title="bbox 61 1044 1517 1112; baseline -0.005 -14"><span class='ocrx_word' id='word_1_78' title='bbox 61 1049 393 1098; x_wconf 79' lang='lat' dir='ltr'>calamitatibus</span> <span class='ocrx_word' id='word_1_79' title='bbox 429 1046 575 1095; x_wconf 85' lang='lat' dir='ltr'>deleri</span> <span class='ocrx_word' id='word_1_80' title='bbox 610 1052 816 1112; x_wconf 78' lang='lat' dir='ltr'>poterat,</span> <span class='ocrx_word' id='word_1_81' title='bbox 854 1044 955 1104; x_wconf 82' lang='lat' dir='ltr'>sed,</span> <span class='ocrx_word' id='word_1_82' title='bbox 1003 1044 1295 1108; x_wconf 83' lang='lat' dir='ltr'>quantumvis</span> <span class='ocrx_word' id='word_1_83' title='bbox 1332 1044 1392 1091; x_wconf 82' lang='lat' dir='ltr'>ad</span> <span class='ocrx_word' id='word_1_84' title='bbox 1427 1061 1517 1093; x_wconf 82' lang='lat' dir='ltr'>ex-</span> 
     </span>
     <span class='ocr_line' id='line_1_14' title="bbox 59 1122 1517 1191; baseline -0.005 -15"><span class='ocrx_word' id='word_1_85' title='bbox 59 1133 247 1177; x_wconf 81' lang='lat' dir='ltr'>tremam</span> <span class='ocrx_word' id='word_1_86' title='bbox 283 1125 493 1175; x_wconf 82' lang='lat' dir='ltr'>codicum</span> <span class='ocrx_word' id='word_1_87' title='bbox 528 1125 807 1191; x_wconf 80' lang='lat' dir='ltr'>paucitatem</span> <span class='ocrx_word' id='word_1_88' title='bbox 851 1123 1087 1172; x_wconf 87' lang='lat' dir='ltr'>redactum</span> <span class='ocrx_word' id='word_1_89' title='bbox 1133 1122 1433 1189; x_wconf 85' lang='lat' dir='ltr'>rapidumque</span> <span class='ocrx_word' id='word_1_90' title='bbox 1469 1123 1517 1170; x_wconf 90' lang='lat' dir='ltr'>in</span> 
     </span>
     <span class='ocr_line' id='line_1_15' title="bbox 59 1203 1518 1272; baseline -0.003 -19"><span class='ocrx_word' id='word_1_91' title='bbox 59 1206 291 1270; x_wconf 75' lang='lat' dir='ltr'>gurgitem</span> <span class='ocrx_word' id='word_1_92' title='bbox 352 1204 680 1272; x_wconf 87' lang='lat' dir='ltr'>propemodum</span> <span class='ocrx_word' id='word_1_93' title='bbox 746 1203 985 1260; x_wconf 83' lang='lat' dir='ltr'>haustum,</span> <span class='ocrx_word' id='word_1_94' title='bbox 1042 1218 1227 1267; x_wconf 80' lang='lat' dir='ltr'>semper</span> <span class='ocrx_word' id='word_1_95' title='bbox 1280 1207 1432 1250; x_wconf 85' lang='lat' dir='ltr'>tamen</span> <span class='ocrx_word' id='word_1_96' title='bbox 1490 1218 1518 1249; x_wconf 85' lang='lat' dir='ltr'>e</span> 
     </span>
     <span class='ocr_line' id='line_1_16' title="bbox 60 1281 1518 1346; baseline -0.003 -14"><span class='ocrx_word' id='word_1_97' title='bbox 60 1285 275 1333; x_wconf 79' lang='lat' dir='ltr'>fluctibus</span> <span class='ocrx_word' id='word_1_98' title='bbox 311 1284 501 1332; x_wconf 85' lang='lat' dir='ltr'>emersit</span> <span class='ocrx_word' id='word_1_99' title='bbox 537 1290 583 1332; x_wconf 88' lang='lat' dir='ltr'>et</span> <span class='ocrx_word' id='word_1_100' title='bbox 618 1282 846 1346; x_wconf 86' lang='lat' dir='ltr'>navigioli</span> <span class='ocrx_word' id='word_1_101' title='bbox 880 1282 1044 1339; x_wconf 77' lang='lat' dir='ltr'>instar,</span> <span class='ocrx_word' id='word_1_102' title='bbox 1080 1284 1216 1345; x_wconf 83' lang='lat' dir='ltr'>cujus</span> <span class='ocrx_word' id='word_1_103' title='bbox 1252 1281 1357 1346; x_wconf 87' lang='lat' dir='ltr'>ipse</span> <span class='ocrx_word' id='word_1_104' title='bbox 1383 1282 1518 1328; x_wconf 81' lang='lat' dir='ltr'>Deus</span> 
     </span>
     <span class='ocr_line' id='line_1_17' title="bbox 62 1360 1520 1426; baseline -0.003 -16"><span class='ocrx_word' id='word_1_105' title='bbox 62 1363 421 1426; x_wconf 83' lang='lat' dir='ltr'>gubernaculum</span> <span class='ocrx_word' id='word_1_106' title='bbox 457 1368 651 1421; x_wconf 78' lang='lat' dir='ltr'>teneret,</span> <span class='ocrx_word' id='word_1_107' title='bbox 688 1361 1059 1426; x_wconf 67' lang='lat' dir='ltr'>tempestatibus,</span> <span class='ocrx_word' id='word_1_108' title='bbox 1096 1360 1308 1425; x_wconf 72' lang='lat' dir='ltr'>syrtibus</span> <span class='ocrx_word' id='word_1_109' title='bbox 1344 1376 1520 1425; x_wconf 84' lang='lat' dir='ltr'>scopu-</span> 
     </span>
     <span class='ocr_line' id='line_1_18' title="bbox 62 1439 1520 1504; baseline -0.003 -16"><span class='ocrx_word' id='word_1_110' title='bbox 62 1441 213 1504; x_wconf 83' lang='lat' dir='ltr'>lisque</span> <span class='ocrx_word' id='word_1_111' title='bbox 247 1441 446 1488; x_wconf 84' lang='lat' dir='ltr'>feliciter</span> <span class='ocrx_word' id='word_1_112' title='bbox 481 1439 719 1498; x_wconf 78' lang='lat' dir='ltr'>devitatis,</span> <span class='ocrx_word' id='word_1_113' title='bbox 755 1439 816 1486; x_wconf 78' lang='lat' dir='ltr'>atl</span> <span class='ocrx_word' id='word_1_114' title='bbox 861 1439 1220 1487; x_wconf 80' lang='lat' dir='ltr'>novissimorum</span> <span class='ocrx_word' id='word_1_115' title='bbox 1265 1445 1520 1503; x_wconf 88' lang='lat' dir='ltr'>temporum</span> 
     </span>
     <span class='ocr_line' id='line_1_19' title="bbox 62 1517 1522 1585; baseline -0.001 -19"><span class='ocrx_word' id='word_1_116' title='bbox 62 1535 170 1567; x_wconf 81' lang='lat' dir='ltr'>oras</span> <span class='ocrx_word' id='word_1_117' title='bbox 206 1519 445 1585; x_wconf 82' lang='lat' dir='ltr'>appulsum</span> <span class='ocrx_word' id='word_1_118' title='bbox 476 1524 562 1566; x_wconf 85' lang='lat' dir='ltr'>est.</span> <span class='ocrx_word' id='word_1_119' title='bbox 634 1518 919 1581; x_wconf 88' lang='lat' dir='ltr'>Linguarum</span> <span class='ocrx_word' id='word_1_120' title='bbox 954 1517 1098 1580; x_wconf 88' lang='lat' dir='ltr'>igitur</span> <span class='ocrx_word' id='word_1_121' title='bbox 1134 1517 1522 1565; x_wconf 66' lang='lat' dir='ltr'>disseminatione</span> 
     </span>
     <span class='ocr_line' id='line_1_20' title="bbox 61 1595 1522 1662; baseline -0.003 -17"><span class='ocrx_word' id='word_1_122' title='bbox 61 1597 299 1646; x_wconf 77' lang='lat' dir='ltr'>sinai-itica</span> <span class='ocrx_word' id='word_1_123' title='bbox 335 1602 601 1644; x_wconf 86' lang='lat' dir='ltr'>exortarum</span> <span class='ocrx_word' id='word_1_124' title='bbox 636 1597 738 1644; x_wconf 85' lang='lat' dir='ltr'>sola</span> <span class='ocrx_word' id='word_1_125' title='bbox 771 1595 992 1644; x_wconf 88' lang='lat' dir='ltr'>hebraica</span> <span class='ocrx_word' id='word_1_126' title='bbox 1036 1601 1280 1662; x_wconf 78' lang='lat' dir='ltr'>superstes</span> <span class='ocrx_word' id='word_1_127' title='bbox 1324 1595 1373 1642; x_wconf 93' lang='lat' dir='ltr'>in</span> <span class='ocrx_word' id='word_1_128' title='bbox 1419 1612 1522 1642; x_wconf 88' lang='lat' dir='ltr'>mo-</span> 
     </span>
     <span class='ocr_line' id='line_1_21' title="bbox 60 1673 1522 1740; baseline -0.001 -17"><span class='ocrx_word' id='word_1_129' title='bbox 60 1676 290 1724; x_wconf 74' lang='lat' dir='ltr'>numentis</span> <span class='ocrx_word' id='word_1_130' title='bbox 325 1674 386 1722; x_wconf 81' lang='lat' dir='ltr'>ad</span> <span class='ocrx_word' id='word_1_131' title='bbox 431 1675 511 1722; x_wconf 84' lang='lat' dir='ltr'>illa</span> <span class='ocrx_word' id='word_1_132' title='bbox 557 1681 764 1740; x_wconf 86' lang='lat' dir='ltr'>tempora</span> <span class='ocrx_word' id='word_1_133' title='bbox 808 1674 1020 1739; x_wconf 84' lang='lat' dir='ltr'>proxime</span> <span class='ocrx_word' id='word_1_134' title='bbox 1067 1673 1399 1722; x_wconf 72' lang='lat' dir='ltr'>accedentibus</span> <span class='ocrx_word' id='word_1_135' title='bbox 1446 1690 1522 1722; x_wconf 85' lang='lat' dir='ltr'>re-</span> 
     </span>
     <span class='ocr_line' id='line_1_22' title="bbox 60 1751 1523 1817; baseline -0.002 -15"><span class='ocrx_word' id='word_1_136' title='bbox 60 1754 172 1803; x_wconf 85' lang='lat' dir='ltr'>licta</span> <span class='ocrx_word' id='word_1_137' title='bbox 218 1761 313 1814; x_wconf 75' lang='lat' dir='ltr'>est,</span> <span class='ocrx_word' id='word_1_138' title='bbox 367 1770 528 1817; x_wconf 78' lang='lat' dir='ltr'>quam,</span> <span class='ocrx_word' id='word_1_139' title='bbox 580 1759 630 1800; x_wconf 88' lang='lat' dir='ltr'>ut</span> <span class='ocrx_word' id='word_1_140' title='bbox 684 1754 920 1800; x_wconf 87' lang='lat' dir='ltr'>Punorum</span> <span class='ocrx_word' id='word_1_141' title='bbox 973 1753 1197 1815; x_wconf 85' lang='lat' dir='ltr'>reliquiae</span> <span class='ocrx_word' id='word_1_142' title='bbox 1255 1751 1523 1809; x_wconf 81' lang='lat' dir='ltr'>ostendunt,</span> 
     </span>
     <span class='ocr_line' id='line_1_23' title="bbox 62 1830 1525 1896; baseline -0.001 -16"><span class='ocrx_word' id='word_1_143' title='bbox 62 1835 272 1896; x_wconf 60' lang='lat' dir='ltr'>natura</span> <span class='ocrx_word' id='word_1_144' title='bbox 307 1832 490 1894; x_wconf 82' lang='lat' dir='ltr'>minime</span> <span class='ocrx_word' id='word_1_145' title='bbox 527 1837 759 1892; x_wconf 75' lang='lat' dir='ltr'>sanctam,</span> <span class='ocrx_word' id='word_1_146' title='bbox 806 1831 1000 1894; x_wconf 84' lang='lat' dir='ltr'>gratia</span> <span class='ocrx_word' id='word_1_147' title='bbox 1046 1830 1209 1877; x_wconf 80' lang='lat' dir='ltr'>divina</span> <span class='ocrx_word' id='word_1_148' title='bbox 1255 1831 1525 1879; x_wconf 81' lang='lat' dir='ltr'>sanctifica--</span> 
     </span>
     <span class='ocr_line' id='line_1_24' title="bbox 62 1908 1526 1975; baseline -0.002 -17"><span class='ocrx_word' id='word_1_149' title='bbox 62 1911 146 1958; x_wconf 86' lang='lat' dir='ltr'>vit.</span> <span class='ocrx_word' id='word_1_150' title='bbox 215 1912 351 1959; x_wconf 89' lang='lat' dir='ltr'>Haec</span> <span class='ocrx_word' id='word_1_151' title='bbox 395 1911 515 1959; x_wconf 85' lang='lat' dir='ltr'>inter</span> <span class='ocrx_word' id='word_1_152' title='bbox 559 1917 745 1959; x_wconf 87' lang='lat' dir='ltr'>ceteras</span> <span class='ocrx_word' id='word_1_153' title='bbox 789 1909 978 1973; x_wconf 77' lang='lat' dir='ltr'>linguas</span> <span class='ocrx_word' id='word_1_154' title='bbox 1023 1910 1208 1975; x_wconf 82' lang='lat' dir='ltr'>priscas</span> <span class='ocrx_word' id='word_1_155' title='bbox 1252 1908 1526 1974; x_wconf 75' lang='lat' dir='ltr'>primaevae</span> 
     </span>
     <span class='ocr_line' id='line_1_25' title="bbox 63 1987 1526 2056; baseline -0.001 -19"><span class='ocrx_word' id='word_1_156' title='bbox 63 1989 310 2054; x_wconf 87' lang='lat' dir='ltr'>imaginem</span> <span class='ocrx_word' id='word_1_157' title='bbox 349 1990 518 2056; x_wconf 83' lang='lat' dir='ltr'>optime</span> <span class='ocrx_word' id='word_1_158' title='bbox 554 1989 772 2055; x_wconf 86' lang='lat' dir='ltr'>exprimit</span> <span class='ocrx_word' id='word_1_159' title='bbox 808 1991 1008 2052; x_wconf 79' lang='lat' dir='ltr'>ejusque</span> <span class='ocrx_word' id='word_1_160' title='bbox 1055 1987 1399 2035; x_wconf 88' lang='lat' dir='ltr'>similitudinem</span> <span class='ocrx_word' id='word_1_161' title='bbox 1435 2005 1526 2052; x_wconf 83' lang='lat' dir='ltr'>ge-</span> 
     </span>
     <span class='ocr_line' id='line_1_26' title="bbox 63 2066 1547 2130; baseline -0.002 -14"><span class='ocrx_word' id='word_1_162' title='bbox 63 2068 123 2116; x_wconf 84' lang='lat' dir='ltr'>rit</span> <span class='ocrx_word' id='word_1_163' title='bbox 158 2068 354 2116; x_wconf 87' lang='lat' dir='ltr'>relative</span> <span class='ocrx_word' id='word_1_164' title='bbox 390 2068 646 2116; x_wconf 82' lang='lat' dir='ltr'>maximam.</span> <span class='ocrx_word' id='word_1_165' title='bbox 720 2068 813 2115; x_wconf 85' lang='lat' dir='ltr'>Est</span> <span class='ocrx_word' id='word_1_166' title='bbox 856 2084 973 2114; x_wconf 80' lang='lat' dir='ltr'>vero</span> <span class='ocrx_word' id='word_1_167' title='bbox 1019 2084 1111 2114; x_wconf 85' lang='lat' dir='ltr'>una</span> <span class='ocrx_word' id='word_1_168' title='bbox 1154 2083 1218 2114; x_wconf 91' lang='lat' dir='ltr'>ex</span> <span class='ocrx_word' id='word_1_169' title='bbox 1262 2066 1547 2130; x_wconf 43' lang='lat' dir='ltr'>trigeminis</span> 
     </span>
     <span class='ocr_line' id='line_1_27' title="bbox 65 2145 1548 2210; baseline -0.001 -15"><span class='ocrx_word' id='word_1_170' title='bbox 65 2147 306 2195; x_wconf 75' lang='lat' dir='ltr'>semitismi</span> <span class='ocrx_word' id='word_1_171' title='bbox 361 2147 563 2210; x_wconf 77' lang='lat' dir='ltr'>linguis,</span> <span class='ocrx_word' id='word_1_172' title='bbox 608 2162 726 2209; x_wconf 89' lang='lat' dir='ltr'>quae</span> <span class='ocrx_word' id='word_1_173' title='bbox 770 2161 872 2194; x_wconf 91' lang='lat' dir='ltr'>cum</span> <span class='ocrx_word' id='word_1_174' title='bbox 925 2145 1059 2192; x_wconf 92' lang='lat' dir='ltr'>trium</span> <span class='ocrx_word' id='word_1_175' title='bbox 1103 2162 1331 2193; x_wconf 87' lang='lat' dir='ltr'>ramorum</span> <span class='ocrx_word' id='word_1_176' title='bbox 1378 2146 1548 2203; x_wconf 56' lang='lat' dir='ltr'>instab</span> 
     </span>
     <span class='ocr_line' id='line_1_28' title="bbox 63 2222 1528 2291; baseline -0.001 -18"><span class='ocrx_word' id='word_1_177' title='bbox 63 2225 110 2274; x_wconf 90' lang='lat' dir='ltr'>in</span> <span class='ocrx_word' id='word_1_178' title='bbox 147 2226 308 2274; x_wconf 86' lang='lat' dir='ltr'>eadem</span> <span class='ocrx_word' id='word_1_179' title='bbox 346 2226 491 2291; x_wconf 78' lang='lat' dir='ltr'>stirpe</span> <span class='ocrx_word' id='word_1_180' title='bbox 546 2225 624 2272; x_wconf 88' lang='lat' dir='ltr'>vel</span> <span class='ocrx_word' id='word_1_181' title='bbox 669 2225 816 2272; x_wconf 87' lang='lat' dir='ltr'>instar</span> <span class='ocrx_word' id='word_1_182' title='bbox 859 2223 1020 2272; x_wconf 81' lang='lat' dir='ltr'>trifolii</span> <span class='ocrx_word' id='word_1_183' title='bbox 1076 2223 1124 2270; x_wconf 94' lang='lat' dir='ltr'>in</span> <span class='ocrx_word' id='word_1_184' title='bbox 1173 2222 1335 2271; x_wconf 88' lang='lat' dir='ltr'>eadem</span> <span class='ocrx_word' id='word_1_185' title='bbox 1391 2226 1528 2273; x_wconf 87' lang='lat' dir='ltr'>caule</span> 
     </span>
     <span class='ocr_line' id='line_1_29' title="bbox 65 2301 1529 2366; baseline 0 -15"><span class='ocrx_word' id='word_1_186' title='bbox 65 2304 288 2366; x_wconf 86' lang='lat' dir='ltr'>nitantur,</span> <span class='ocrx_word' id='word_1_187' title='bbox 325 2311 479 2353; x_wconf 89' lang='lat' dir='ltr'>aetate</span> <span class='ocrx_word' id='word_1_188' title='bbox 522 2309 697 2364; x_wconf 76' lang='lat' dir='ltr'>tamen,</span> <span class='ocrx_word' id='word_1_189' title='bbox 746 2320 834 2366; x_wconf 86' lang='lat' dir='ltr'>qua</span> <span class='ocrx_word' id='word_1_190' title='bbox 880 2303 1202 2362; x_wconf 82' lang='lat' dir='ltr'>esssor1.1e1·unt‚</span> <span class='ocrx_word' id='word_1_191' title='bbox 1250 2301 1391 2350; x_wconf 88' lang='lat' dir='ltr'>valde</span> <span class='ocrx_word' id='word_1_192' title='bbox 1427 2303 1529 2351; x_wconf 84' lang='lat' dir='ltr'>dis-</span> 
     </span>
     <span class='ocr_line' id='line_1_30' title="bbox 68 2380 1529 2448; baseline -0.001 -17"><span class='ocrx_word' id='word_1_193' title='bbox 68 2389 270 2448; x_wconf 84' lang='lat' dir='ltr'>crepant.</span> <span class='ocrx_word' id='word_1_194' title='bbox 361 2384 535 2446; x_wconf 90' lang='lat' dir='ltr'>Neque</span> <span class='ocrx_word' id='word_1_195' title='bbox 582 2380 768 2446; x_wconf 69' lang='lat' dir='ltr'>negari‘</span> <span class='ocrx_word' id='word_1_196' title='bbox 796 2385 978 2447; x_wconf 70' lang='lat' dir='ltr'>potest,</span> <span class='ocrx_word' id='word_1_197' title='bbox 1025 2380 1229 2444; x_wconf 83' lang='lat' dir='ltr'>linguam</span> <span class='ocrx_word' id='word_1_198' title='bbox 1285 2383 1529 2430; x_wconf 89' lang='lat' dir='ltr'>aramai-</span> 
     </span>
     <span class='ocr_line' id='line_1_31' title="bbox 68 2458 1529 2522; baseline -0.001 -14"><span class='ocrx_word' id='word_1_199' title='bbox 68 2475 186 2508; x_wconf 83' lang='lat' dir='ltr'>cam</span> <span class='ocrx_word' id='word_1_200' title='bbox 222 2461 527 2510; x_wconf 83' lang='lat' dir='ltr'>semiticarum</span> <span class='ocrx_word' id='word_1_201' title='bbox 566 2468 675 2509; x_wconf 89' lang='lat' dir='ltr'>natu</span> <span class='ocrx_word' id='word_1_202' title='bbox 720 2460 963 2507; x_wconf 84' lang='lat' dir='ltr'>maximam</span> <span class='ocrx_word' id='word_1_203' title='bbox 1005 2458 1182 2519; x_wconf 75' lang='lat' dir='ltr'>videri,</span> <span class='ocrx_word' id='word_1_204' title='bbox 1235 2461 1372 2522; x_wconf 82' lang='lat' dir='ltr'>cujus</span> <span class='ocrx_word' id='word_1_205' title='bbox 1417 2477 1529 2509; x_wconf 82' lang='lat' dir='ltr'>sen-</span> 
     </span>
     <span class='ocr_line' id='line_1_32' title="bbox 67 2538 1528 2603; baseline 0.001 -17"><span class='ocrx_word' id='word_1_206' title='bbox 67 2540 241 2587; x_wconf 88' lang='lat' dir='ltr'>tentiae</span> <span class='ocrx_word' id='word_1_207' title='bbox 284 2540 514 2588; x_wconf 86' lang='lat' dir='ltr'>luculenta</span> <span class='ocrx_word' id='word_1_208' title='bbox 567 2546 838 2603; x_wconf 83' lang='lat' dir='ltr'>argumenta</span> <span class='ocrx_word' id='word_1_209' title='bbox 891 2538 998 2586; x_wconf 69' lang='lat' dir='ltr'>sz.</span> <span class='ocrx_word' id='word_1_210' title='bbox 1047 2538 1312 2586; x_wconf 73' lang='lat' dir='ltr'>Fuersle&#39;us</span> <span class='ocrx_word' id='word_1_211' title='bbox 1367 2545 1414 2586; x_wconf 85' lang='lat' dir='ltr'>et</span> <span class='ocrx_word' id='word_1_212' title='bbox 1471 2539 1528 2587; x_wconf 74' lang='lat' dir='ltr'>S.</span> 
     </span>
     <span class='ocr_line' id='line_1_33' title="bbox 68 2616 1530 2684; baseline 0 -19"><span class='ocrx_word' id='word_1_213' title='bbox 68 2616 133 2665; x_wconf 84' lang='lat' dir='ltr'>I).</span> <span class='ocrx_word' id='word_1_214' title='bbox 157 2617 414 2666; x_wconf 67' lang='lat' dir='ltr'>anzm&#39;to</span> <span class='ocrx_word' id='word_1_215' title='bbox 437 2617 605 2665; x_wconf 81' lang='lat' dir='ltr'>(ludum</span> <span class='ocrx_word' id='word_1_216' title='bbox 638 2624 999 2684; x_wconf 77' lang='lat' dir='ltr'>proposuerunt3</span> <span class='ocrx_word' id='word_1_217' title='bbox 1037 2622 1083 2663; x_wconf 88' lang='lat' dir='ltr'>at</span> <span class='ocrx_word' id='word_1_218' title='bbox 1120 2617 1280 2680; x_wconf 81' lang='lat' dir='ltr'>lingua</span> <span class='ocrx_word' id='word_1_219' title='bbox 1300 2618 1530 2666; x_wconf 82' lang='lat' dir='ltr'>aramaica</span> 
     </span>
     <span class='ocr_line' id='line_1_34' title="bbox 70 2697 1530 2761; baseline -0.001 -17"><span class='ocrx_word' id='word_1_220' title='bbox 70 2713 183 2761; x_wconf 82' lang='lat' dir='ltr'>pura</span> <span class='ocrx_word' id='word_1_221' title='bbox 228 2702 271 2743; x_wconf 92' lang='lat' dir='ltr'>et</span> <span class='ocrx_word' id='word_1_222' title='bbox 320 2697 547 2744; x_wconf 81' lang='lat' dir='ltr'>invariata</span> <span class='ocrx_word' id='word_1_223' title='bbox 593 2697 728 2744; x_wconf 87' lang='lat' dir='ltr'>nobis</span> <span class='ocrx_word' id='word_1_224' title='bbox 774 2701 1056 2744; x_wconf 70' lang='lat' dir='ltr'>conservata</span> <span class='ocrx_word' id='word_1_225' title='bbox 1108 2712 1200 2743; x_wconf 91' lang='lat' dir='ltr'>non</span> <span class='ocrx_word' id='word_1_226' title='bbox 1253 2701 1348 2755; x_wconf 79' lang='lat' dir='ltr'>est,</span> <span class='ocrx_word' id='word_1_227' title='bbox 1395 2702 1442 2744; x_wconf 88' lang='lat' dir='ltr'>et</span> <span class='ocrx_word' id='word_1_228' title='bbox 1489 2697 1530 2743; x_wconf 84' lang='lat' dir='ltr'>si</span> 
     </span>
     <span class='ocr_line' id='line_1_35' title="bbox 69 2774 1529 2840; baseline -0.002 -16"><span class='ocrx_word' id='word_1_229' title='bbox 69 2774 288 2839; x_wconf 72' lang='lat' dir='ltr'>reliquias</span> <span class='ocrx_word' id='word_1_230' title='bbox 324 2778 429 2840; x_wconf 76' lang='lat' dir='ltr'>ejus</span> <span class='ocrx_word' id='word_1_231' title='bbox 465 2774 676 2824; x_wconf 82' lang='lat' dir='ltr'>ethnicas</span> <span class='ocrx_word' id='word_1_232' title='bbox 710 2775 759 2823; x_wconf 89' lang='lat' dir='ltr'>in</span> <span class='ocrx_word' id='word_1_233' title='bbox 793 2775 939 2824; x_wconf 88' lang='lat' dir='ltr'>titulis</span> <span class='ocrx_word' id='word_1_234' title='bbox 969 2774 1119 2838; x_wconf 83' lang='lat' dir='ltr'>regiis</span> <span class='ocrx_word' id='word_1_235' title='bbox 1148 2774 1529 2836; x_wconf 79' lang='lat' dir='ltr'>Sassanidarum‚</span> 
     </span>
     <span class='ocr_line' id='line_1_36' title="bbox 1189 2851 1226 2896; baseline 0 -12"><span class='ocrx_word' id='word_1_236' title='bbox 1189 2851 1226 2896; x_wconf 82' lang='lat'>4</span> 
     </span>
    </p>
   </div>
  </div>
 </body>
</html>
