1934 3259
638 101 937 145 -13-

57 220 194 272 modo
238 216 488 268 ecclesiam
532 215 774 282 praeclara
817 215 1077 266 eruditione
1125 221 1262 283 atque
1307 217 1520 269 doctrina

57 299 211 350 multis
266 296 440 346 seculis
496 301 851 350 antecesserunt
894 313 1196 360 magnamque
1240 297 1354 358 vim,
1402 314 1520 361 quae

58 383 286 428 momento
323 392 408 424 suo
442 374 527 422 vix
562 373 811 439 ponderari
845 381 1018 440 potest,
1053 375 1101 422 in
1127 376 1378 424 ecclesiam
1413 378 1521 426 bar-

59 457 186 508 barie
229 456 485 503 immersam
527 452 798 500 habuerunt.
877 453 1074 501 Factum
1118 462 1194 502 est.
1235 455 1372 502 etiam
1419 455 1521 503 sin-

60 535 211 601 gulari
253 535 430 583 illorum
472 531 718 591 industria,
776 536 826 579 ut
870 532 997 580 clero
1042 531 1297 581 christiano
1345 534 1520 582 artibus

60 614 414 680 disciplinisque
471 611 652 659 multum
699 616 1015 676 praestarent,
1063 616 1134 670 et,
1189 612 1372 674 quoties
1419 629 1521 663 cum

59 692 361 752 ChristianiS,
391 691 648 755 linguarum
670 697 717 737 et
741 689 1066 754 philosophiae
1090 690 1377 755 expertibus,
1408 707 1524 739 con-

61 770 382 836 grederentur,
419 769 686 834 superiores
714 766 964 816 discedere
984 768 1204 816 solerent.
1262 767 1523 817 Christiani

60 850 215 914 igitur,
250 865 309 898 ne
344 848 556 896 hostibus
593 846 691 895 suis
727 852 889 895 essent
923 846 1120 894 ludibrio
1159 862 1215 894 ac
1245 845 1524 913 despicatui,

61 936 110 978 et
145 945 332 993 quorum
367 927 460 975 vim
496 927 600 975 olim
619 927 743 974 ferro
766 925 997 988 armisque
1018 933 1366 990 persenserant,
1402 942 1525 975 nunc

63 1024 145 1056 ore
180 1014 228 1055 et
263 1007 438 1055 calamo
469 1005 805 1071 experirentur,
842 1003 902 1051 ad
921 1004 1027 1051 illas
1047 1010 1172 1052 artes
1191 1011 1327 1068 atque
1347 1004 1525 1053 doctri-

62 1102 148 1134 nas
202 1092 308 1133 sunt
361 1085 604 1144 conversi,
661 1084 824 1148 quibus
869 1083 1035 1131 hostes
1079 1084 1242 1132 valere
1285 1084 1526 1150 plurimum

59 1164 394 1228 intelligebant.
465 1163 621 1223 Quare
656 1161 983 1229 philosophiae
1019 1168 1065 1210 et
1100 1162 1332 1228 physicae
1363 1162 1527 1210 addis-

61 1242 241 1292 cendae
278 1260 408 1307 ergo,
444 1249 491 1291 et
525 1259 584 1291 ne
605 1240 1055 1290 Muhamedanormn
1089 1241 1313 1307 impietati
1341 1240 1527 1289 Judae-

62 1338 281 1384 orumque
335 1321 631 1387 pervicaciae
681 1321 882 1386 impares
929 1326 1117 1379 essent,
1162 1319 1222 1366 ad
1266 1320 1527 1384 linguarum

62 1399 302 1463 utriusque
329 1400 487 1463 gentis
509 1400 662 1447 studia
696 1400 874 1447 animos
910 1399 1197 1465 appulerunt.
1267 1400 1375 1448 Hac
1409 1414 1527 1447 vero

63 1485 240 1538 aetate,
287 1479 354 1525 uti
392 1479 644 1544 superiori,
691 1478 896 1526 ecclesia
932 1477 992 1524 ad
1027 1494 1324 1543 synagogam
1362 1477 1527 1526 consu-

63 1572 178 1621 gere
224 1573 386 1604 rursus
433 1564 531 1605 erat
577 1564 754 1605 coacta.
825 1557 1000 1619 Neque
1036 1563 1187 1604 tamen
1224 1555 1443 1604 Judaeos
1478 1556 1527 1603 in

63 1651 345 1700 synagogae
388 1637 707 1684 communione
743 1643 1095 1701 permanentes,
1134 1634 1220 1682 sed
1256 1635 1527 1700 proselytas

62 1712 124 1761 ad
143 1720 297 1762 castra
316 1731 401 1762 sua
420 1714 663 1780 profugos,
700 1730 889 1777 quorum
924 1714 1174 1778 plerosque
1210 1712 1399 1777 linguae
1419 1714 1528 1762 lite-

63 1809 302 1856 rarumque
348 1793 595 1859 patriarum
628 1793 938 1859 imperitiores
973 1792 1124 1840 fuisse
1159 1792 1356 1839 historia
1391 1792 1529 1840 evin-

63 1870 152 1930 cit,
198 1872 438 1931 assumsit,
485 1878 535 1919 ut
579 1871 702 1919 viam
738 1871 798 1919 ad
834 1870 1096 1919 hebraicam
1132 1871 1337 1934 linguam
1373 1870 1528 1936 perci-

64 1949 278 2015 piendam
313 1950 405 2015 ipsi
440 1957 716 1999 sternerent.
778 1950 1184 2012 Raymundus
1220 1951 1285 1998 de
1320 1949 1530 1998 Penncc

65 2027 252 2076 Fortz‘
291 2029 625 2078 Dominicanus
672 2033 792 2091 [nat.
836 2027 995 2088 1175,
1039 2046 1096 2077 m.
1133 2027 1293 2090 1275)
1330 2028 1378 2075 in
1415 2044 1530 2077 con-

64 2113 208 2155 ventu
244 2107 477 2157 Toletano
523 2107 681 2168 1250,
728 2107 983 2174 propositis
1019 2124 1046 2154 a
1082 2107 1275 2170 regibus
1310 2107 1531 2171 Arrago-

64 2185 171 2234 niae
206 2192 252 2234 et
272 2185 502 2236 Castiliae
539 2186 934 2252 splendidissimis
968 2186 1204 2251 praemiiS,
1242 2186 1390 2234 sociis
1425 2185 1530 2234 edi-

65 2264 159 2325 xit,
201 2272 251 2312 ut.
295 2266 468 2330 lingnis
512 2266 785 2314 Maurorum
831 2271 879 2314 et
923 2264 1209 2315 Judaeorum
1254 2281 1440 2331 operam
1483 2269 1532 2313 et

66 2343 266 2391 studium
310 2350 560 2405 navarent,
605 2343 818 2407 idemque
855 2343 1002 2407 regiis
1038 2344 1264 2391 sumtibus
1301 2343 1531 2392 seminare

67 2421 292 2471 orientale
326 2422 542 2483 institnit,
588 2429 638 2470 ut
684 2423 773 2471 hac
809 2422 889 2470 Via
925 2439 1080 2471 earum
1116 2423 1374 2486 linguarum
1410 2438 1530 2486 cog-

67 2500 182 2548 nitio
216 2501 263 2548 in
299 2502 547 2550 ecclesiam
583 2501 889 2551 derivaretur.
958 2501 1055 2549 Uni
1091 2500 1151 2549 de
1176 2500 1300 2548 ludis
1324 2501 1530 2550 orienta-

67 2578 176 2626 lium
210 2578 440 2627 literarum
475 2580 743 2645 praefectus
779 2586 854 2628 est
889 2595 947 2629 eo
982 2586 1190 2646 tempore
1218 2580 1530 2643 Raymun-

69 2657 180 2705 dus
215 2655 486 2706 Martini
519 2657 796 2708 Catalonius
835 2661 952 2719 (nat.
989 2658 1174 2720 1236),
1219 2658 1528 2724 praestantis-

70 2735 214 2784 simus
249 2736 328 2784 ille
365 2737 599 2785 ecclesiae
634 2743 972 2804 propugnator,
1017 2753 1044 2784 a
1078 2737 1227 2784 Paulo
1271 2737 1529 2802 proselyta,

69 2814 148 2879 qui
183 2830 258 2864 ao,
292 2814 426 2864 1263
462 2822 510 2865 et
543 2833 706 2867 rursus
741 2814 877 2865 1264
913 2831 1015 2866 cum
1037 2813 1531 2866 GerundensiNaclz-
