1956 3270
1012 111 1308 156 —84-

410 236 568 290 =sunit3
602 227 760 295 prisca
795 231 843 275 et
876 241 1015 286 nova,
1050 242 1176 275 mere
1209 226 1396 292 poetica
1430 232 1477 276 et
1511 227 1745 293 prosaica,
1780 228 1886 277 dia-
1938 250 1941 266 »-

433 308 602 357 lectica
638 313 685 354 et
720 304 988 363 communia,
1025 306 1253 353 vocabula
1272 306 1328 353 ab
1358 322 1448 353 uno
1472 306 1709 370 alteroque
1744 307 1889 355 scho-

434 387 573 434 liasta
608 385 764 432 efficta
798 390 845 432 et
889 382 1115 446 vulgaria,
1134 383 1364 448 primitiva
1399 391 1446 432 et
1477 383 1703 445 derivata,
1727 384 1888 433 dome-

439 465 560 512 stica
596 470 643 511 et
677 462 782 510 aliis
819 479 882 510 ex
918 461 1089 524 linguis
1124 468 1327 509 assumta
1346 461 1466 510 adeo
1503 464 1733 527 permixta
1768 469 1889 523 sunt,

416 548 501 607 ¹¹ut,
536 541 583 588 in
618 541 740 589 hanc
774 539 932 587 rudem
968 538 1340 603 indigestamque
1375 541 1559 605 sylvam
1597 541 1639 589 si
1668 542 1891 602 intueare,

417 611 680 683 lvertigine
716 617 981 683 corripiaris
1018 623 1065 664 et
1100 616 1145 663 in
1183 618 1338 665 orbem
1372 619 1501 666 velut
1524 620 1678 682 aliquo
1713 619 1892 667 turbine

268 740 321 755 ,,,
366 752 372 784 r
414 663 788 760 {circumagaris
857 695 983 743 Hinc
1018 693 1202 754 accidit,
1237 702 1287 743 ut
1322 700 1659 761 conjectorem,
1705 698 1747 745 si
1785 696 1895 761 quid

442 775 669 840 ingenioli
704 774 856 834 habet,
876 772 1065 821 lexicon
1085 773 1312 821 arabicum
1347 775 1395 822 in
1429 777 1671 823 vocabulis
1706 776 1894 838 hebrai-

364 832 373 874 *
443 855 515 903 cis
538 851 832 918 explicandis
867 868 1092 914 nunquam
1114 850 1316 911 deserat,
1336 859 1398 911 ut,
1418 853 1723 917 quodcunque
1758 870 1896 920 prae-

367 930 374 974 1
435 932 662 998 judicium
700 931 866 979 fulcire
901 930 1040 996 cupit,
1076 929 1257 978 abunde
1292 931 1543 992 confirmet,
1578 939 1627 980 ut
1662 938 1897 996 exegetae
1940 942 1951 973 ‘A

369 1038 376 1070 t
445 1011 506 1059 ad
542 1009 727 1074 singula
770 1009 1001 1056 vocabula
1044 1008 1263 1056 hebraica
1307 1009 1676 1074 significationes
1725 1027 1898 1076 suppe-
1940 1068 1941 1073 ¹

445 1089 585 1149 ditet,
632 1103 768 1150 quaS,
815 1093 1043 1150 utcunque
1098 1087 1354 1136 reluctante
1409 1088 1657 1137 hebraicae
1707 1089 1898 1152 linguae

368 1131 375 1174 1

364 1228 374 1267 ⁴
445 1263 545 1295 rum
580 1242 815 1292 radicibus
851 1243 1098 1309 emphases
1132 1243 1348 1303 inculcet,
1384 1260 1500 1307 quae
1543 1245 1622 1292 uni
1667 1244 1899 1293 vocabulo

445 1324 620 1372 insitae
655 1338 766 1370 esse
802 1322 939 1388 plane
982 1329 1229 1385 nequeunt.
1310 1322 1464 1380 Quare
1499 1322 1659 1386 lingua
1700 1323 1899 1382 arabica,
1940 1314 1942 1334 ³

448 1418 566 1467 quae
602 1407 769 1459 aetate,
804 1401 950 1448 forma
971 1406 1107 1463 atque
1142 1400 1299 1449 indole
1335 1399 1454 1448 adeo
1491 1400 1746 1466 discrepat,
1781 1417 1900 1449 non-
1940 1455 1942 1464 y

444 1481 540 1529 nisi
575 1486 797 1544 suspecte
840 1494 897 1526 ac
942 1479 1126 1527 solicite
1173 1477 1427 1544 comparari
1469 1479 1660 1545 poterit,
1708 1485 1756 1528 et
1800 1495 1903 1527 cum
1940 1477 1942 1536 ζ

445 1559 553 1626 plus
599 1556 736 1606 etiam
779 1558 907 1616 luce,
954 1573 1087 1620 quam
1132 1557 1371 1617 hebraica,
1424 1564 1586 1621 egeat,
1632 1556 1721 1605 hac
1766 1563 1903 1605 cauta
1940 1597 1942 1619 ἰ

449 1636 793 1703 comparatione
826 1636 931 1701 ipsa
966 1652 1057 1683 non
1093 1636 1257 1695 minus,
1295 1652 1428 1699 quam
1463 1635 1703 1693 hebraica,
1749 1635 1905 1683 lucra-

449 1871 656 1935 linguam
691 1869 920 1918 arabicam
955 1868 1265 1933 indagandam
1301 1870 1520 1931 munivit)
1551 1870 1788 1936 multa—eg}
1822 1886 1907 1917 311-

417 1935 423 2012 1
450 1950 661 2013 tiquitate
696 1948 1147 2008 reuma-sewu,
1171 1964 1289 2011 quae
1323 1948 1404 1996 vel
1437 1948 1485 1995 111
1520 1947 1724 1996 hebraea
1758 1948 1908 1995 minus
1940 1983 1942 1998 2

490 2001 700 2020 μ

449 2028 635 2092 integra
689 2033 797 2073 sunt
852 2042 909 2074 ac
952 2026 1224 2092 perspicua:
1271 2026 1345 2091 113
1350 2043 1542 2087 ⁷rursus
1587 2026 1909 2091 antiquiorqet
1940 2051 1948 2057 ,.

451 2122 570 2170 quae
615 2105 873 2168 antiquitati
924 2105 1027 2174 1-1]-ἦ
1017 2104 1285 2170 universum
1330 2103 1514 2152 fidelior
1558 2105 1747 2165 mansit,
1795 2121 1910 2154 cen-

452 2184 603 2233 senda
647 2190 721 2232 est
764 2184 990 2243 hebraea,
1036 2188 1086 2230 ut
1135 2183 1350 2231 arabicae
1402 2181 1605 2230 indolem
1648 2189 1696 2230 et
1741 2199 1910 2232 causas

725 2237 966 2255 ,μὴ

454 2279 589 2312 nemo
634 2262 787 2328 possit
831 2262 973 2310 tutius
1019 2267 1067 2309 et
1121 2261 1283 2308 verius
1335 2260 1598 2308 intellectas
1652 2261 1910 2326 explicare,

454 2358 588 2406 quam
632 2341 707 2403 qui
753 2341 984 2390 hebraeae
1033 2340 1222 2403 linguae
1274 2339 1337 2387 sit
1380 2337 1702 2402 gnarissimus.
1782 2337 1911 2385 Ara-

475 2477 578 2490 ..αι’

421 2482 756 2546 ὅ111111131131101
787 2497 1003 2545 arabicae
1039 2495 1219 2555 similia,
1254 2501 1304 2543 ut
1324 2495 1509 2558 linguas
1545 2493 1767 2559 temporis
1801 2509 1912 2559 pro-

421 2593 630 2658 gressu
664 2576 939 2624 mutationes
974 2574 1069 2641 pati
1114 2574 1413 2621 necessarias
1445 2579 1496 2621 et
1531 2577 1801 2620 constantes
1836 2570 1914 2619 vi-

421 2621 587 2703 *deas
591 2659 620 2683 ‘⁶
695 2654 749 2702 N
753 2670 811 2702 on
812 2660 978 2721 AEJAE-
982 2658 1368 2719 controveisum,
1420 2651 1624 2715 linguam
1679 2648 1939 2697 arabicam

455 2733 878 2807 aiitiquj-s-—alit-[uot
911 2733 1157 2791 verborum
1201 2730 1520 2780 hebraicorum
1554 2727 1739 2777 radices
1775 2727 1940 2775 nobis¹

457 2849 796 2895 conservasse,
832 2834 962 2883 velut
998 2804 1130 2895 ἐμὲ,
1165 2838 1344 2897 tegere,
1381 2836 1630 2897 protegere
1659 2827 1746 2891 (ad
1780 2845 1823 2876 11.
1861 2842 1939 2897 23„

445 1175 622 1225 natura,
658 1165 705 1213 in
740 1171 918 1213 textum
953 1181 1134 1213 sacrum
1168 1165 1395 1226 inferciat,
1431 1174 1481 1215 ut
1516 1167 1691 1215 obrutis
1726 1167 1898 1215 verbo-
1940 1201 1942 1213 .

448 1716 583 1766 bitur.
654 1715 810 1773 „Nam
846 1721 895 1761 ut
929 1714 1138 1762 Arabum
1182 1714 1342 1776 lingua
1388 1713 1617 1761 ditissima
1661 1720 1708 1761 et
1750 1713 1906 1779 puris-
1940 1718 1942 1772 ζ

447 1793 598 1842 81111344
634 1793 800 1854 (liceat
833 1792 994 1839 verbis
1035 1791 1232 1840 Ewccldi
1262 1792 1343 1849 uti,
1380 1791 1456 1854 qui
1485 1808 1653 1840 novam
1687 1791 1810 1838 viam
1844 1790 1906 1838 ad
1940 1806 1942 1850 ξ

455 2419 1053 2486 111303-ῥξ1,ι1,1,ομῴ11-001115ἱ
1074 2433 1249 2483 pauper
1285 2424 1331 2465 et
1364 2417 1468 2482 ipsa
1513 2416 1715 2464 hebraea
1760 2416 1941 2464 serior·
