1934 3259
827 189 881 231 39

103 372 178 410 est,
209 363 309 411 quod
335 362 428 398 haec
460 362 743 409 conjunctionis
773 362 947 396 binoru1n
968 358 1206 395 Psalmorum
1232 362 1330 395 ratio
1362 360 1492 394 multis
1518 359 1612 393 locis

99 439 176 468 tam
204 429 408 466 manifesta
436 435 512 473 est,
552 429 686 477 negari
719 434 760 463 ut
795 433 968 476 nequeat.
1030 425 1129 462 Nam
1162 426 1234 462 hoc
1267 439 1355 463 casu
1384 439 1460 462 non
1488 431 1613 473 potest

97 500 240 535 factum
262 510 362 542 esse,
391 502 432 531 ut
451 509 485 532 v.
508 508 538 530 c.
561 493 703 530 Psalmi
725 496 778 530 34
798 501 835 529 et
856 493 905 529 35
929 495 1132 541 compositi
1151 495 1241 539 sint,
1267 507 1429 542 quorum
1448 494 1487 528 in
1505 499 1612 527 utro-

96 578 168 614 que
190 561 248 612 (et
267 566 306 599 in
326 563 385 599 his
404 562 557 611 quidem
578 560 740 597 Psalmis
762 560 942 597 Psalterii
971 556 1082 611 solis)
1105 563 1143 592 ’Π
1162 556 1262 607 7⁸57:
1284 567 1545 609 nuncupatur,
1571 567 1613 594 ut

96 631 288 669 Psalmum
308 629 379 675 55,
411 632 518 678 cujus
544 631 583 664 in
611 643 645 665 v.
670 630 704 665 8.
732 635 844 676 poeta
868 629 940 664 sibi
967 633 1066 660 17:1⁸:
1087 632 1161 661 Ὃκ
1183 628 1229 663 ad
1250 629 1363 678 longe
1385 626 1612 664 avolandum

97 695 192 747 (ππ-ιι
214 695 355 744 pua-18)
378 704 555 744 exoptat,
582 703 764 744 sequatur
785 695 845 731 Ps.
869 695 932 731 56.
954 699 1091 737 ΞἾΡἾΠἾ
1116 687 1187 729 :bs
1216 690 1355 727 ΓνιἾ-Εῑκ·
1384 696 1612 742 inscriptus3

94 774 137 802 ut
154 765 303 801 Psalmo
328 766 425 810 149,
458 767 566 813 cujus
586 776 699 800 versu
720 764 755 799 3.
778 775 914 799 nomen
934 761 1007 797 Dei
1037 762 1304 797 celebrandum
1332 762 1473 797 dicitur
1492 757 1612 795 ΒἾΠὉΞ

95 841 133 869 et
151 837 263 877 ῆἾῆΞ,
285 832 513 880 subjiciatur
537 830 598 867 Ps.
625 830 723 877 150,
751 832 790 866 in
810 843 882 878 quo
904 833 997 865 item
1022 824 1156 863 ΒἾΠὮΞἾ
1182 834 1259 873 ἣτε
1285 821 1437 862 ἾΓῚἾΞΞΠἾ
1457 830 1610 879 legitur.

95 898 200 935 Haec
220 906 258 935 et
276 900 395 934 multa
416 901 491 935 alia
510 900 697 946 exempla,
719 910 815 946 quae
834 898 1143 942 observaveram,
1165 910 1225 932 me
1244 897 1291 932 ad
1312 883 1395 931 eam
1414 909 1494 931 rem
1513 897 1611 931 ulte-

93 969 172 1003 rius
192 966 491 1014 persequendam
512 966 752 1013 pellexerunt
779 972 817 1000 et
844 971 985 1012 quanto
1008 965 1161 1013 longius
1180 964 1477 1014 progrediebar,
1505 970 1610 998 tanto

94 1035 235 1070 certior
252 1033 402 1079 fiebam,
424 1046 483 1068 me
501 1034 724 1080 neutiquam
743 1032 896 1067 umbras
916 1032 1142 1067 consectari.

202 1099 373 1137 Psalmos
403 1100 475 1136 hoc
501 1100 612 1135 modo
640 1099 848 1136 secundum
878 1100 1004 1149 legem
1038 1098 1303 1134 similitudinis
1332 1099 1413 1134 sive
1441 1099 1608 1133 universi

91 1169 308 1219 argumenti
335 1169 416 1204 sive
442 1168 681 1218 singularum
706 1167 916 1202 dictionum
944 1167 1066 1202 instar
1094 1166 1322 1201 annulorum
1343 1172 1500 1201 catenae
1520 1178 1610 1200 con-

92 1249 210 1272 nexos
241 1249 344 1281 esse,
375 1236 414 1270 id
435 1238 516 1283 jam
539 1233 752 1270 Koesterus
774 1240 984 1283 auguratus
1012 1239 1069 1269 est
1095 1239 1132 1268 et
1150 1245 1217 1280 per
1237 1238 1360 1268 totum
1379 1231 1608 1268 Psalterium

91 1316 166 1340 non
186 1304 267 1339 sine
288 1303 463 1339 acumine
481 1304 626 1349 primus
648 1302 911 1337 demonstrare
936 1300 1082 1337 studuit
1097 1299 1161 1351 ²);
1197 1300 1298 1335 idem
1316 1299 1609 1349 Hengsteuber—

88 1371 177 1419 gius
197 1382 368 1418 quoque,
396 1382 625 1418 quamquam
644 1368 823 1405 Koesteri
843 1369 1010 1418 vestigia
1030 1380 1104 1403 non
1126 1374 1368 1415 persecutus,
1400 1369 1440 1402 in
1462 1368 1610 1414 aliquot

89 1436 251 1473 Psalmis
266 1437 557 1485 suopteJudicio
575 1436 816 1472 confirmavit
829 1435 844 1458 3
858 1436 884 1483 ).
924 1435 1046 1477 Quam
1061 1435 1213 1483 quidem
1228 1436 1352 1485 legem
1364 1437 1443 1483 jam
1459 1441 1608 1470 veteres

178 1633 211 1670 2)
240 1633 337 1666 Quod
357 1633 543 1662 Koesterus
558 1642 589 1669 p.
605 1633 693 1661 xlv.
710 1632 801 1670 dicit,
818 1632 960 1670 singulis
976 1631 1132 1661 Psalterii
1147 1631 1243 1661 libris
1257 1630 1408 1660 Psalmos
1425 1628 1606 1667 peculiaris

87 1689 259 1726 cujusdam
274 1688 463 1727 argumenti
479 1691 578 1725 atque
595 1688 720 1717 indolis
736 1689 923 1725 contineri,
946 1688 1120 1725 probabile
1135 1688 1228 1717 reddi
1244 1688 1377 1724 nequit,
1406 1687 1463 1716 sed
1485 1686 1526 1715 ad
1546 1695 1605 1715 ve-

86 1745 215 1775 ritatem
233 1745 389 1782 proxime
404 1745 532 1774 accedit
547 1746 635 1782 quod
658 1754 688 1782 p.
704 1746 776 1774 XV.
796 1745 903 1774 addit:
931 1745 1002 1781 „Ia
1022 1745 1083 1773 der
1104 1745 1212 1783 Regel
1229 1745 1306 1773 siml
1323 1745 1409 1772 zmee'
1429 1744 1512 1772 oder
1532 1742 1609 1772 ἄνει·

85 1802 243 1831 Psalmen
265 1802 369 1832 durch
387 1801 581 1832 Glez'cltltez't
603 1803 660 1831 cles
681 1801 819 1831 Inhalls
840 1811 1034 1831 zusammen
1048 1802 1236 1839 gruppirt:
1261 1800 1344 1830 doch
1357 1801 1453 1838 gicht
1466 1809 1500 1829 es
1516 1799 1604 1828 auch

82 1857 240 1897 griissere
256 1858 422 1896 Gruppen
439 1859 509 1887 und
520 1859 644 1888 wieder
659 1859 792 1888 ee'nzeln
806 1858 966 1888 slehemle
981 1858 1123 1895 Le'eder,
1146 1857 1215 1886 und
1233 1858 1336 1886 selbst
1358 1856 1526 1886 zme'schen
1541 1856 1604 1884 den

85 1925 147 1944 von
166 1924 227 1945 uns
249 1920 452 1952 getrennten
462 1914 583 1954 finden
605 1915 675 1944 siclt
693 1915 777 1944 noch
794 1916 935 1944 allerlez'
947 1913 1335 1953 verwandtscltuftlz'clee
1349 1913 1602 1950 Bezielzzcngen.

85 1971 127 2002 So
149 1973 237 2001 ‘eoird
252 1982 282 2001 z.
299 1972 338 2000 B.
361 1972 414 2001 Ps.
432 1973 461 2000 1.
484 1973 545 2001 wie
564 1972 619 2001 Ps.
638 1973 668 2000 2.
687 1982 742 2000 um
766 1971 923 2001 scmus-se
943 1972 1005 2000 der
1030 1972 1231 2009 Uacergang
1253 1968 1355 2010 (728)
1378 1971 1439 1999 der
1457 1969 1604 1999 Frevler

82 2029 296 2067 dargestellt.
344 2028 400 2058 Ps.
423 2030 475 2057 90.
499 2028 609 2067 hiingt
628 2030 689 2058 mit
710 2031 762 2057 89.
786 2028 892 2058 durch
914 2028 1050 2066 Klttgen
1071 2029 1156 2057 iiber
1175 2028 1228 2056 die
1250 2027 1375 2056 Fluelzt
1394 2028 1451 2056 (les
1471 2026 1602 2056 Lebens

81 2084 313 2115 zusammen.“
359 2086 454 2114 Hanc
476 2085 751 2115 observationem
772 2085 890 2115 Koest.
913 2093 972 2122 per
992 2086 1099 2113 totum
1121 2084 1321 2113 Psalterium
1337 2083 1504 2121 exemplis
1519 2092 1601 2119 pro-

81 2142 158 2171 bare
175 2143 316 2171 conatus
332 2144 382 2170 est
397 2142 496 2178 idque
512 2141 570 2179 ita,
585 2142 622 2170 ut
635 2141 748 2170 multis
764 2141 849 2170 locis
864 2141 904 2169 ad
920 2141 1059 2170 eandem
1075 2150 1172 2177 quam
1185 2150 1260 2178 nos,
1271 2140 1325 2177 qui
1339 2140 1466 2169 nullius
1479 2142 1599 2168 aucto-

79 2198 179 2228 ritate
195 2207 267 2228 eam
283 2198 389 2236 ipsam
404 2207 473 2227 rem
491 2198 790 2236 investigavimus,
814 2198 1015 2227 sententiam
1034 2198 1246 2234 perveniret,
1270 2206 1468 2233 quamquam
1484 2196 1519 2225 in
1534 2195 1599 2224 hoe

80 2256 119 2285 ab
142 2264 182 2284 eo
205 2255 426 2293 discedimus,
458 2256 547 2292 quod
571 2255 723 2285 Psalmos
744 2254 908 2292 plurimos
933 2256 1072 2291 propter
1095 2254 1289 2293 generalem
1310 2254 1474 2282 duntaxat
1495 2261 1598 2291 argu-

79 2311 181 2341 menti
197 2313 253 2341 aut
274 2314 440 2341 certarum
462 2312 669 2348 quarundam
693 2311 843 2341 idearum
865 2310 1137 2340 convenientiam
1159 2310 1214 2340 vel
1236 2310 1356 2340 binos
1379 2310 1432 2339 vel
1454 2311 1598 2338 cater-

80 2368 205 2397 vatim
220 2368 428 2405 compositos
445 2378 518 2398 esse
537 2368 718 2398 arbitratur
734 2368 843 2406 (velut
858 2377 890 2404 p.
907 2368 994 2397 106.:
1019 2369 1088 2397 Die
1097 2367 1170 2397 Pss.
1181 2367 1324 2395 38—41.
1342 2367 1476 2395 werden
1491 2365 1597 2395 durch

79 2424 141 2454 das
161 2425 393 2455 Bewusstsem
413 2425 476 2454 der
497 2425 624 2455 Schultz
641 2426 710 2454 und
729 2425 781 2454 die
802 2425 898 2454 Bitte
918 2434 972 2453 um
995 2424 1324 2463 Siindenvergebung
1338 2425 1372 2452 in
1387 2422 1601 2452 mancherlei

77 2481 358 2520 Modvficationen
374 2481 756 2520 zusammengehalten;
770 2491 805 2519 p.
822 2482 909 2510 257.:
925 2481 980 2510 Ps.
997 2482 1089 2509 82——
1100 2481 1152 2510 84.
1175 2480 1359 2509 rerbz’nden
1375 2479 1445 2510 sich
1462 2480 1516 2508 als
1532 2478 1596 2507 Ge-

79 2537 152 2568 bete
167 2539 301 2568 Israels
316 2548 369 2568 um
384 2538 603 2578 Bestrafung
618 2540 731 2567 seiner
744 2537 871 2567 Fez'mle
886 2548 917 2566 u.
935 2537 1118 2568 Ris'cM-ehr
1136 2547 1178 2566 zu
1201 2537 1273 2565 dem
1286 2537 1454 2575 gelz’ebten
1473 2534 1594 2571 Ζῖοη,ιζ

78 2595 112 2623 et
125 2594 172 2623 sic
186 2592 319 2633 saepe),
341 2603 414 2624 cum
434 2604 498 2624 nos
520 2604 721 2624 consensum
735 2595 942 2624 Psalmorum
966 2594 999 2623 in
1021 2594 1163 2633 singulis
1184 2593 1357 2630 quibusvis
1377 2592 1593 2629 dictionibus,

78 2650 195 2686 quibus
215 2650 367 2689 insignes
389 2654 484 2690 sunt,
506 2652 547 2680 ad
570 2661 630 2681 eos
651 2652 879 2681 conferendos
895 2651 1069 2680 suffecisse
1087 2660 1213 2687 eosque
1228 2660 1296 2679 non
1313 2649 1422 2678 solum
1439 2651 1593 2678 caterva—

77 2706 135 2735 tim
151 2707 371 2745 compositos,
399 2709 457 2737 sed
479 2717 612 2747 omnes,
642 2707 894 2746 comprehensis
910 2707 1053 2746 singulis
1071 2707 1233 2744 catervis,
1262 2708 1436 2735 catenae
1458 2706 1593 2735 instar

80 2762 167 2792 inter
187 2773 261 2793 sese
285 2766 382 2801 aptos
403 2764 650 2803 colligatosque
664 2774 738 2794 esse
756 2774 964 2801 censeamus,
988 2773 1191 2793 consensum
1205 2763 1310 2792 totius
1325 2762 1515 2801 argumenti
1530 2771 1591 2791 ne—

79 2827 141 2855 que
155 2820 376 2850 excludentes
392 2830 501 2857 neque
518 2821 738 2859 postulantes.

167 2876 201 2914 3)
229 2878 356 2906 Comm.
374 2878 397 2905 l.
419 2887 450 2914 p.
466 2877 560 2906 234:
588 2878 686 2915 „Die
702 2877 898 2916 Anrez'hung
919 2878 976 2906 cles
999 2877 1051 2904 11.
1071 2876 1125 2905 Ps.
1151 2886 1197 2905 an
1215 2877 1276 2905 den
1300 2877 1438 2913 vorr'gen
1460 2874 1589 2903 scheme

78 2931 169 2962 nicht
189 2933 261 2963 hlos
282 2933 387 2963 durch
410 2934 463 2963 die
483 2934 683 2972 allgemeine
705 2934 1015 2974 Vermandtschast
1028 2934 1085 2962 des
1104 2932 1258 2969 Ialmlts,
1283 2933 1429 2961 sondern
1449 2931 1592 2968 spec—iel!

78 2987 181 3018 durch
200 2990 253 3019 die
268 2989 504 3021 Aehnlicltkeit
523 2990 689 3021 zwz'sclzen
711 2992 747 3020 V.
765 2992 794 3019 2.
812 3000 842 3019 u.
861 2990 913 3020 Ps.
930 2991 983 3027 10,
1000 2992 1030 3018 8.
1051 2988 1311 3029 lterbeigefiiltrl
1334 2998 1375 3016 :m
1390 2986 1514 3023 seite‚·“
1543 2986 1584 3016 ib.
