1934 3259
73 230 232 285 quam
272 210 491 282 spiritus
534 217 757 267 sanctus
807 212 877 266 ad
917 228 1119 281 sensus
1170 230 1304 271 suos
1344 216 1527 272 decla-

72 329 270 383 randos
304 326 554 381 adhibuit.
635 326 708 379 Et
748 326 964 396 quinam
1003 327 1137 383 liber
1178 329 1388 403 dignior
1425 336 1527 399 est,

71 441 165 512 qui
204 441 272 495 ad
317 441 541 493 verbum
588 438 947 513 investigetur
996 448 1368 513 momentoque
1426 459 1528 497 suo

71 556 161 609 vel
209 552 558 608 minutissimo
610 553 974 622 expendatur,
1039 571 1198 625 quam
1260 555 1530 624 scriptura

71 682 227 721 sacra
238 705 258 733 ,
312 665 469 719 cuius
519 663 693 718 omnia
744 672 798 719 et
845 665 1062 741 singula
1110 667 1279 721 verba
1333 667 1528 721 divini-

69 785 158 832 tus
199 784 324 832 sunt
361 777 664 846 inspirata?
718 773 938 832 Confido
949 821 966 848 ,
1007 779 1263 848 futurum,
1307 786 1366 833 ut
1407 786 1527 833 stu-

69 891 155 944 dia
203 890 803 960 historico-analytica,
858 907 999 961 quae
1049 891 1153 945 hoc
1197 892 1371 946 libello
1413 898 1527 946 tra-

67 1003 188 1072 didi,
229 1018 338 1056 non
366 1003 700 1057 temerariam
735 1003 875 1057 illam
910 1003 1366 1074 praecipitemque
1390 1021 1524 1074 apo-

66 1121 325 1169 statarum
376 1114 432 1168 in
474 1115 738 1184 scriptura
791 1132 948 1170 sacra
987 1116 1392 1186 interpretanda
1432 1132 1525 1169 ar-

66 1228 364 1302 rogantiam
413 1227 699 1298 adjuvent,
754 1229 881 1298 sed,
936 1229 1135 1299 quippe
1188 1229 1301 1282 solo
1353 1227 1526 1281 histo-

66 1341 177 1395 rico
217 1341 429 1408 innixa,
484 1357 651 1395 sanae
705 1340 1015 1410 salubrique
1070 1340 1328 1414 exegesi,
1383 1356 1525 1410 quae

65 1452 308 1507 veritatis
356 1453 764 1525 cognoscendae
814 1469 994 1507 amore
1048 1458 1101 1506 et
1153 1452 1376 1526 genuini
1430 1470 1524 1506 sa-

65 1580 274 1619 crorum
337 1565 585 1618 librorum
646 1581 847 1618 sensus
902 1565 1204 1633 explicandi
1255 1564 1524 1618 desiderio

65 1666 270 1739 flagrat,
314 1666 511 1735 aliquid
551 1665 839 1735 adjumenti
880 1667 1245 1735 praesidiique
1280 1666 1520 1718 afferant.

63 1778 314 1833 Ecclesia
354 1778 521 1846 enim,
574 1778 649 1831 uti
692 1778 917 1851 egregie
969 1778 1287 1847 pronunciat
1327 1777 1522 1830 Marti-

65 1908 173 1945 nus
226 1887 585 1959 ChemnitiUS,
639 1897 842 1943 tantum
884 1891 1040 1944 debet
1082 1906 1210 1943 esse
1251 1906 1522 1962 gramma-

64 2003 168 2057 tica
219 2001 270 2056 11.
328 2019 376 2056 0.
428 2018 536 2055 11011
588 2003 744 2055 debet
796 2001 1003 2074 fingere
1059 2019 1151 2055 res
1204 2018 1377 2056 novas
1429 2008 1523 2055 aut

63 2131 207 2175 nova
255 2114 500 2188 dogmata
551 2114 806 2187 gignere,
859 2114 958 2167 sed
999 2131 1086 2182 ea,
1139 2131 1281 2183 quae
1331 2131 1365 2167 a
1407 2114 1521 2181 spi-

63 2226 168 2281 ritu
221 2232 405 2280 sancto
469 2227 657 2279 tradita
716 2231 869 2294 sunt,
923 2226 1080 2279 debet
1133 2227 1372 2294 discere,
1447 2242 1520 2279 ex

63 2339 302 2412 genuina
342 2339 727 2413 significatione
769 2339 1144 2391 vocabulorum
1156 2357 1170 2406 3
1205 2355 1386 2408 neque
1418 2354 1520 2391 nos

64 2467 354 2519 possmnus
418 2453 671 2506 custodes
734 2468 861 2505 esse
923 2451 1194 2504 doctrinae
1268 2450 1520 2504 divinitus

66 2570 390 2636 repurgatae
403 2604 423 2632 ,
499 2564 602 2617 nisi
666 2564 1062 2637 grammaticam
1134 2564 1401 2618 discamus
1467 2569 1520 2616 et

63 2692 303 2731 amemus
353 2708 411 2714 —
459 2675 624 2731 Faxit
677 2676 836 2750 igitur
874 2676 1031 2731 Deus
1043 2719 1058 2745 ,
1112 2683 1169 2730 ut
1209 2675 1310 2730 1100
1350 2692 1518 2745 opus-
