1956 3270
1018 116 1311 161 *38*

439 249 560 298 quae
594 231 655 280 ad
689 231 1032 297 grammaticam
1067 231 1285 282 vocabuli
1319 232 1594 294 flexionem,
1640 233 1701 282 ad
1744 250 1894 301 syno-

439 327 682 377 nymorum
723 311 1156 373 dissimilitudines,
1199 311 1260 360 ad
1302 312 1584 360 notationem
1627 318 1894 380 temporum,

441 390 608 454 quibus
643 391 919 439 vocabulum
954 391 1123 451 tritum,
1159 396 1377 440 novatum
1413 396 1490 439 aut
1511 391 1604 441 hac
1618 391 1760 441 illave
1795 393 1895 441 sin-

438 468 593 532 gulari
646 468 697 517 vi
750 475 1016 535 usurpatum
1068 475 1164 527 est,
1220 475 1314 518 tum
1366 469 1567 533 denique
1622 470 1682 518 ad
1724 488 1897 537 prosae

438 547 693 612 poesisque
729 547 1089 613 discrepantiam
1123 548 1440 597 illustrandam
1474 549 1719 615 pertinent¹
1788 551 1898 599 Hoc

437 625 488 673 in
533 626 692 675 lexico
748 627 927 675 auctori
980 627 1134 692 potior
1183 627 1269 676 suit
1320 644 1430 694 pars
1477 628 1896 693 etymologica,

439 720 572 768 quam
610 705 959 770 exegetica,
1001 722 1119 768 quae
1153 705 1201 753 in
1220 706 1409 755 lexicon
1431 706 1665 755 volumine
1701 706 1898 772 amplius

438 782 697 832 differenda
732 800 844 832 esse
879 784 1139 832 videbatur.
1208 785 1264 833 In
1298 785 1377 832 illa
1422 801 1539 834 vero
1583 792 1715 851 parte
1759 786 1898 851 plane

439 862 612 909 eximia
646 879 794 928 pauca
828 863 1060 921 invenieS,
1097 879 1215 927 (11136
1251 863 1437 912 aliunde
1473 871 1621 912 sumta
1656 871 1791 928 grate
1825 864 1899 911 fa-

437 945 601 999 temur,
635 942 749 989 nihil
786 941 923 1006 quod,
958 942 1222 1008 priusquam
1256 943 1557 1008 reciperetur,
1587 959 1680 990 11011
1715 942 1777 990 sit
1812 941 1899 990 de-

439 1035 532 1067 nuo
570 1021 877 1068 examinatum
914 1023 1143 1085 novaque,
1179 1021 1256 1069 ubi
1295 1037 1497 1070 necesse
1532 1026 1684 1081 esset,
1719 1020 1900 1086 pictura

438 1096 790 1164 interpolatum,
827 1100 1020 1165 plurima
1064 1106 1238 1159 autem,
1285 1117 1402 1163 quae
1453 1099 1643 1165 primum
1689 1100 1900 1148 novitate

439 1176 636 1224 animum
671 1184 795 1225 tuum
831 1179 1100 1244 percellent,
1136 1185 1304 1244 postea
1337 1179 1537 1227 veritate
1572 1178 1767 1226 mirifice
1812 1178 1901 1227 de-

438 1255 687 1305 lectabunt.
758 1257 984 1306 Necesse
1021 1263 1095 1306 est
1130 1264 1302 1317 tamen,
1347 1263 1397 1305 ut
1432 1274 1534 1306 cum
1577 1262 1713 1305 textu
1756 1257 1901 1305 lexici

439 1333 582 1382 latino
619 1335 836 1384 conseras
873 1335 1362 1396 neohebraicum,
1399 1336 1445 1382 in
1491 1352 1582 1398 quo
1627 1335 1900 1383 uberrimam

440 1428 807 1478 synonymorum
845 1414 1251 1479 compositionem,
1286 1420 1557 1479 perpetuam
1602 1413 1901 1463 neohebraici
1955 1461 1956 1469 ,

439 1492 748 1555 aramaicique
808 1492 1037 1540 sermonis
1102 1492 1397 1541 collationem
1461 1499 1508 1541 et
1568 1498 1901 1556 congruentem
1954 1526 1956 1543 2

439 1569 579 1617 novis
615 1571 949 1635 progressibus
985 1570 1235 1619 dictionem
1256 1570 1600 1637 deprehendeS,
1623 1574 1758 1635 cujus
1794 1572 1902 1620 bre-
1954 1588 1956 1608 ³

438 1649 566 1696 vitas
601 1650 921 1709 lbn-Ezram,
978 1650 1114 1715 copia
1167 1649 1465 1699 Salomonem
1500 1650 1916 1715 Papcnheimium,

437 1727 630 1775 libertas
652 1729 906 1776 Elazarum
927 1727 1055 1786 Qalir
1079 1728 1326 1789 Sardoum,
1349 1728 1501 1792 quoad
1515 1730 1652 1777 rebus
1665 1729 1897 1792 congruit,

440 1807 708 1854 aemulatur.
780 1808 912 1866 Quae
949 1806 1130 1871 quidem
1167 1807 1325 1866 dictio,
1361 1814 1410 1855 ut
1446 1808 1603 1856 durior
1638 1813 1685 1855 et
1729 1807 1902 1855 diffici-
1953 1822 1956 1870 3

437 1883 542 1945 lior,
579 1884 846 1951 displicebit
882 1887 1036 1934 multis
1072 1887 1426 1947 neotericorum,
1461 1887 1552 1950 qui,
1574 1886 1715 1950 hujus
1752 1886 1902 1935 seculi
1953 1907 1956 1931 2

438 1961 652 2012 doctrina
686 1980 743 2013 ac
777 1966 981 2013 moribus
1016 1983 1045 2013 a
1079 1982 1257 2030 genere
1293 1964 1482 2014 dicendi
1525 1965 1745 2014 hebraico
1789 1966 1903 2014 aba-

438 2041 624 2101 lienati,
660 2044 847 2091 nonnisi
891 2045 1096 2110 priscum
1140 2045 1451 2093 hebraismum
1495 2045 1734 2110 exemplar
1780 2045 1902 2093 scri-

439 2121 580 2170 bendi
657 2122 747 2170 sibi
818 2130 1079 2189 proponunt
1149 2130 1426 2187 ceterasque
1488 2123 1680 2187 linguae
1748 2139 1901 2187 gazas

440 2207 749 2266 aspernantur
783 2208 831 2250 et
866 2203 1254 2268 perhorrescunt3
1289 2209 1337 2250 at
1373 2201 1416 2250 si
1452 2201 1588 2250 modo
1625 2201 1671 2250 ei
1707 2200 1902 2250 dictioni

440 2279 731 2339 assueveris,
768 2296 867 2328 eam
902 2281 1152 2346 ingeniose
1182 2288 1414 2339 novatam,
1437 2280 1666 2329 subtiliter
1701 2280 1901 2329 limatam

439 2358 727 2421 gemmisque
783 2360 1059 2408 clarissimis
1113 2361 1379 2409 distinctam
1433 2375 1684 2423 agnosces.
1764 2360 1901 2408 Haec

438 2435 499 2483 de
536 2435 918 2499 Concordantiis,
956 2456 1073 2502 quae
1107 2439 1519 2503 investigationem
1539 2437 1766 2503 gradatim
1788 2455 1900 2504 pro-
1949 2442 1952 2474 ?

439 2513 733 2578 gredientem
769 2523 1147 2583 repraesentant:
1194 2534 1283 2580 quo
1330 2518 1488 2566 labore
1508 2518 1764 2576 exantlato,
1800 2517 1901 2565 Le-

438 2593 582 2642 Xicon
602 2594 884 2654 hebraicum,
908 2595 1075 2643 dudum
1095 2596 1209 2643 illud
1231 2596 1462 2661 inceptum
1484 2596 1740 2660 maj01·ique
1760 2595 1899 2643 etiam

439 2673 1051 2733 cumsubtilitate,distinctis
1065 2673 1899 2739 radicumverborumquesimplicium,

441 2751 822 2817 amplificatorum
843 2758 890 2801 et
913 2754 1271 2820 compositorum
1283 2754 1603 2814 varietatibus,
1623 2753 1899 2819 dispositum

438 2829 500 2879 ad
527 2830 664 2879 finem
695 2830 974 2898 perducatur
998 2838 1046 2881 et
1082 2833 1394 2882 Grammatica
1423 2838 1747 2897 consequetur,
1783 2847 1900 2897 quae
1944 2880 1947 2891 ¹

1949 2546 1951 2555 ,

1948 2567 1951 2583 1

1948 2599 1951 2608 ,

1948 2610 1956 2634 a:

1947 2639 1956 2671 L!

1948 2670 1956 2692 1

1946 2699 1949 2709 l

1948 2727 1949 2739 1

1945 2693 1956 2782 ii

1946 2785 1956 2861 ’1

1954 2899 1956 2910 Ι

1948 2914 1956 3270 Ι
