1956 3270
994 84 1285 129 ..32-

412 199 586 265 (1833.
609 199 961 263 53),litera1·um
983 200 1159 249 naturis
1183 216 1239 249 ac
1259 198 1664 249 vicissitudinibus
1685 200 1866 250 uberri-
1928 259 1930 264 ,

409 296 485 329 ma
519 279 835 344 exemplorum
869 279 1352 344 indogermanicorum
1375 278 1633 345 prolatione
1669 280 1866 344 exposi-

409 359 472 407 tis
508 374 565 407 ac
601 358 900 418 confirmatis,
934 365 1213 424 receptaque
1256 357 1616 406 Humboldtiana
1659 357 1865 407 radicum
1930 357 1932 397 ἰ

410 436 752 497 verbalium,
782 436 1728 502 noininalium'etpronominaliuni
1763 436 1865 484 dis-
1930 466 1933 474 2

410 516 680 576 tributione,
734 532 852 580 quae
904 516 1021 563 solis
1075 515 1223 563 instar
1274 516 1601 578 grammaticae
1666 517 1863 565 omnium
1932 535 1934 547 >

410 594 594 644 Omnino
631 595 888 659 linguarum
922 594 1092 654 illuxit,
1128 594 1175 642 in
1219 594 1512 643 sanseriticis
1557 595 1745 659 linguis
1777 595 1865 645 de-

407 674 696 733 monstravit,
733 673 841 737 quid
875 673 1097 736 reliquum
1133 678 1278 731 esset,
1315 679 1364 720 ut
1395 673 1443 721 in
1466 674 1690 722 semiticis
1725 691 1866 740 prae-
1934 690 1936 712 ἱ

409 759 624 802 staretur.
732 753 783 800 Is
845 751 1173 816 grammaticae
1233 751 1587 818 dispositionem
1649 754 1865 818 optimam
1926 772 1936 787 ²

407 830 737 898 praescripsit,
781 831 906 879 viam
959 830 1342 897 comparationis,
1391 848 1479 894 qua
1532 832 1634 879 sola
1677 832 1867 896 linguae
1936 832 1938 888 J

407 910 660 977 peculiaris
695 910 901 959 rationes
939 916 985 959 et
1021 926 1194 958 causae
1227 909 1538 969 inveniuntur,
1573 910 1782 970 munivit,
1818 917 1867 959 et
1936 919 1939 947 ῑ

408 1006 678 1053 quamquam
713 989 899 1053 linguas
935 989 1191 1051 senliticas,
1238 1005 1425 1052 quarum
1473 1004 1574 1037 cum
1620 989 1868 1037 sanseriti-
1938 993 1939 998 ’

408 1068 480 1118 cis
517 1068 890 1117 convenientiam
927 1074 973 1116 et
1007 1067 1403 1117 necessitudinem
1448 1068 1701 1116 naturalem
1746 1085 1866 1117 non-

408 1146 515 1195 dum
551 1164 824 1213 persuasam
859 1147 1080 1207 habebat,
1129 1147 1471 1213 comparatione
1518 1147 1745 1208 exclusit,
1793 1153 1866 1195 ta-

407 1242 512 1274 men
547 1226 853 1274 sanscriticas
889 1226 1074 1291 analysi
1109 1225 1418 1275 solertissima
1452 1223 1513 1272 ad
1557 1226 1868 1292 comparatio-
1940 1221 1943 1225 Δ

408 1321 514 1353 nem
550 1320 652 1353 cum
688 1305 916 1354 semiticis
960 1304 1290 1354 instituendam
1334 1304 1653 1370 praeparavit,
1702 1310 1774 1364 et,
1817 1310 1868 1353 ut
1941 1306 1943 1313 ⁴

406 1383 611 1447 imagine
646 1390 762 1443 utar,
798 1383 1179 1450 nyniphagogum
1217 1383 1330 1447 egit,
1367 1383 1444 1446 qui
1487 1382 1692 1446 linguam
1727 1399 1868 1430 sans-

407 1462 568 1511 eritam
605 1462 738 1526 quasi
774 1479 1009 1528 sponsam,
1046 1464 1292 1512 amicarum
1335 1478 1507 1511 corona
1551 1461 1770 1521 cinctam,
1806 1461 1868 1510 ad

408 1542 706 1590 semitismum
743 1540 1011 1591 deduceret.
1091 1542 1250 1605 Atque
1294 1541 1432 1590 etiam
1479 1540 1542 1587 A.
1588 1540 1652 1588 F.
1699 1541 1866 1600 Pon,

407 1623 545 1684 cujus
581 1620 886 1669 eruditionem
922 1639 981 1669 an
1016 1620 1287 1669 industriam
1330 1620 1458 1686 prius
1505 1618 1703 1667 admirer
1753 1636 1867 1668 nes-

408 1699 507 1759 cio,
561 1698 716 1747 studia
768 1699 960 1748 scholae
1016 1699 1242 1748 historice
1289 1698 1554 1764 analyticae
1599 1687 1867 1747 mirabiliter

408 1777 603 1842 adjuvit,
634 1777 724 1841 qui,
755 1779 966 1842 quamvis
1000 1779 1048 1827 in
1085 1777 1394 1844 comparando
1432 1777 1621 1843 saepius
1657 1783 1866 1826 extrema

406 1864 712 1923 persequatur
747 1864 794 1905 et
835 1857 1080 1905 individua
1124 1856 1399 1905 articulatim
1434 1856 1652 1916 divellat,
1687 1855 1867 1904 uberri-

408 1952 508 1984 mos
563 1943 717 1984 tamen
773 1936 1128 2003 comparationis
1180 1935 1518 1984 solertissimae
1568 1935 1747 1983 fructus
1792 1935 1867 1983 sui

406 2015 710 2081 etymologici
731 2016 888 2081 operis
912 2014 1086 2077 (1833.
1109 2014 1201 2076 36)
1222 2014 1391 2062 horreo
1404 2011 1628 2073 condidit,
1655 2012 1868 2062 radices-

407 2111 497 2160 que
533 2094 805 2155 sanscritas,
843 2111 962 2158 quae
997 2101 1133 2143 extra
1176 2110 1355 2143 omnem
1401 2091 1730 2140 dubitationem
1779 2109 1868 2158 po-

406 2174 528 2223 sitae
582 2179 766 2234 essent,
810 2172 871 2221 ad
914 2173 1258 2222 similitudinem
1304 2170 1460 2238 operis
1504 2170 1777 2219 Rosem'ani
1821 2173 1866 2233 ¹)

407 2251 687 2319 dispositas,
733 2268 923 2301 numero
968 2250 1326 2301 CCCLXXV.
1372 2249 1632 2307 recensuit,
1678 2265 1867 2312 quarum

406 2332 577 2380 nullam
612 2348 704 2379 non
750 2330 886 2379 simul
931 2330 1187 2379 semiticam
1231 2345 1345 2378 esse
1389 2328 1557 2377 Julius
1599 2327 1656 2376 F
1652 2329 1866 2393 uer-scius

406 2410 571 2477 partim
606 2410 765 2467 evicit,
799 2410 963 2476 partim
999 2410 1201 2458 evincet.

509 2489 728 2552 Namque
771 2488 819 2536 in
863 2489 1038 2537 Julio
1096 2486 1412 2546 Fuerstio,
1456 2494 1590 2550 quem
1634 2502 1783 2535 meum
1817 2491 1866 2536 et:

406 2567 677 2617 familiarem
711 2573 758 2617 et
792 2567 1064 2631 magistrum
1107 2581 1218 2614 esse
1261 2565 1464 2630 glorior,
1506 2582 1633 2614 nova
1677 2564 1865 2614 hebrai-

495 2751 537 2802 1)
566 2753 739 2791 Radices
769 2752 1013 2792 sanseritae.
1071 2751 1296 2790 Illustratas
1334 2749 1458 2788 edidit
1502 2748 1737 2790 Friderz‘cus
1772 2749 1862 2787 Ro—

404 2830 492 2872 sen,
520 2821 696 2860 Berolini
724 2819 849 2860 1827.
