<?xml version="1.0" encoding="UTF-8"?>
<!DOCTYPE html PUBLIC "-//W3C//DTD XHTML 1.0 Transitional//EN"
    "http://www.w3.org/TR/xhtml1/DTD/xhtml1-transitional.dtd">
<html xmlns="http://www.w3.org/1999/xhtml" xml:lang="en" lang="en">
 <head>
  <title>
</title>
<meta http-equiv="Content-Type" content="text/html;charset=utf-8" />
  <meta name='ocr-system' content='tesseract 3.04.00' />
  <meta name='ocr-capabilities' content='ocr_page ocr_carea ocr_par ocr_line ocrx_word'/>
</head>
<body>
  <div class='ocr_page' id='page_1' title='image "./jesurunsiveprole00deliuoft/jesurunsiveprole00deliuoft_0084.png"; bbox 0 0 1956 3270; ppageno 0'>
   <div class='ocr_carea' id='block_1_1' title="bbox 988 73 1286 116">
    <p class='ocr_par' dir='ltr' id='par_1_1' title="bbox 988 73 1286 116">
     <span class='ocr_line' id='line_1_1' title="bbox 988 73 1286 116; baseline -0.003 -9"><span class='ocrx_word' id='word_1_1' title='bbox 988 73 1286 116; x_wconf 82' lang='lat'>——50—</span> 
     </span>
    </p>
   </div>
   <div class='ocr_carea' id='block_1_2' title="bbox 406 187 1919 2693">
    <p class='ocr_par' dir='ltr' id='par_1_2' title="bbox 406 187 1919 1827">
     <span class='ocr_line' id='line_1_2' title="bbox 412 187 1865 258; baseline -0.003 -17"><span class='ocrx_word' id='word_1_2' title='bbox 412 194 461 242; x_wconf 82' lang='lat' dir='ltr'>in</span> <span class='ocrx_word' id='word_1_3' title='bbox 497 189 730 258; x_wconf 87' lang='lat' dir='ltr'>epitaphio</span> <span class='ocrx_word' id='word_1_4' title='bbox 767 188 1226 255; x_wconf 85' lang='lat' dir='ltr'>Carpentoractensi,</span> <span class='ocrx_word' id='word_1_5' title='bbox 1262 188 1310 236; x_wconf 90' lang='lat' dir='ltr'>in</span> <span class='ocrx_word' id='word_1_6' title='bbox 1345 187 1553 247; x_wconf 87' lang='lat' dir='ltr'>nummis,</span> <span class='ocrx_word' id='word_1_7' title='bbox 1590 187 1665 252; x_wconf 89' lang='lat' dir='ltr'>qui</span> <span class='ocrx_word' id='word_1_8' title='bbox 1701 187 1865 237; x_wconf 89' lang='lat' dir='ltr'>dicun-</span> 
     </span>
     <span class='ocr_line' id='line_1_3' title="bbox 412 266 1866 334; baseline -0.002 -15"><span class='ocrx_word' id='word_1_9' title='bbox 412 278 510 330; x_wconf 89' lang='lat' dir='ltr'>tur,</span> <span class='ocrx_word' id='word_1_10' title='bbox 557 268 744 319; x_wconf 83' lang='lat' dir='ltr'>Ciliciis</span> <span class='ocrx_word' id='word_1_11' title='bbox 799 267 1188 334; x_wconf 68' lang='lat' dir='ltr'>Palmyrenisque</span> <span class='ocrx_word' id='word_1_12' title='bbox 1233 266 1612 332; x_wconf 75' lang='lat' dir='ltr'>inscriptionibus</span> <span class='ocrx_word' id='word_1_13' title='bbox 1657 283 1866 332; x_wconf 86' lang='lat' dir='ltr'>excepe-</span> 
     </span>
     <span class='ocr_line' id='line_1_4' title="bbox 413 345 1866 411; baseline -0.005 -13"><span class='ocrx_word' id='word_1_14' title='bbox 413 350 495 409; x_wconf 88' lang='lat' dir='ltr'>ris,</span> <span class='ocrx_word' id='word_1_15' title='bbox 532 348 655 395; x_wconf 77' lang='lat' dir='ltr'>nulla</span> <span class='ocrx_word' id='word_1_16' title='bbox 692 349 797 411; x_wconf 85' lang='lat' dir='ltr'>ejus</span> <span class='ocrx_word' id='word_1_17' title='bbox 831 352 1122 395; x_wconf 87' lang='lat' dir='ltr'>monumenta</span> <span class='ocrx_word' id='word_1_18' title='bbox 1156 345 1327 405; x_wconf 85' lang='lat' dir='ltr'>habes,</span> <span class='ocrx_word' id='word_1_19' title='bbox 1365 361 1482 408; x_wconf 87' lang='lat' dir='ltr'>quae</span> <span class='ocrx_word' id='word_1_20' title='bbox 1526 361 1619 392; x_wconf 90' lang='grc'>11011</span> <span class='ocrx_word' id='word_1_21' title='bbox 1663 346 1743 393; x_wconf 87' lang='lat' dir='ltr'>vel</span> <span class='ocrx_word' id='word_1_22' title='bbox 1779 362 1866 410; x_wconf 67' lang='lat' dir='ltr'>sy-</span> 
     </span>
     <span class='ocr_line' id='line_1_5' title="bbox 412 421 1868 491; baseline -0.003 -16"><span class='ocrx_word' id='word_1_23' title='bbox 412 443 604 491; x_wconf 87' lang='lat' dir='ltr'>nagoga</span> <span class='ocrx_word' id='word_1_24' title='bbox 638 426 719 474; x_wconf 83' lang='lat' dir='ltr'>vel</span> <span class='ocrx_word' id='word_1_25' title='bbox 755 425 960 474; x_wconf 85' lang='lat' dir='ltr'>ecclesia</span> <span class='ocrx_word' id='word_1_26' title='bbox 994 424 1144 471; x_wconf 85' lang='lat' dir='ltr'>literis</span> <span class='ocrx_word' id='word_1_27' title='bbox 1180 424 1315 471; x_wconf 89' lang='lat' dir='ltr'>nobis</span> <span class='ocrx_word' id='word_1_28' title='bbox 1361 421 1641 488; x_wconf 78' lang='lat' dir='ltr'>prodiderit,</span> <span class='ocrx_word' id='word_1_29' title='bbox 1679 430 1756 471; x_wconf 91' lang='lat' dir='ltr'>aut</span> <span class='ocrx_word' id='word_1_30' title='bbox 1791 442 1868 471; x_wconf 90' lang='lat' dir='ltr'>ra-</span> 
     </span>
     <span class='ocr_line' id='line_1_6' title="bbox 414 502 1869 568; baseline -0.003 -13"><span class='ocrx_word' id='word_1_31' title='bbox 414 506 610 555; x_wconf 80' lang='lat' dir='ltr'>binismo</span> <span class='ocrx_word' id='word_1_32' title='bbox 666 510 744 552; x_wconf 87' lang='lat' dir='ltr'>aut</span> <span class='ocrx_word' id='word_1_33' title='bbox 790 503 1067 552; x_wconf 71' lang='lat' dir='ltr'>hellenismo</span> <span class='ocrx_word' id='word_1_34' title='bbox 1115 502 1300 568; x_wconf 85' lang='lat' dir='ltr'>penitus</span> <span class='ocrx_word' id='word_1_35' title='bbox 1335 502 1549 567; x_wconf 79' lang='lat' dir='ltr'>perfusa3</span> <span class='ocrx_word' id='word_1_36' title='bbox 1596 518 1736 568; x_wconf 85' lang='lat' dir='ltr'>quare</span> <span class='ocrx_word' id='word_1_37' title='bbox 1781 502 1869 550; x_wconf 91' lang='lat' dir='ltr'>he-</span> 
     </span>
     <span class='ocr_line' id='line_1_7' title="bbox 412 577 1919 646; baseline -0.004 -13"><span class='ocrx_word' id='word_1_38' title='bbox 412 584 600 634; x_wconf 88' lang='lat' dir='ltr'>braicae</span> <span class='ocrx_word' id='word_1_39' title='bbox 633 583 838 646; x_wconf 91' lang='lat' dir='ltr'>linguae,</span> <span class='ocrx_word' id='word_1_40' title='bbox 874 597 990 644; x_wconf 88' lang='lat' dir='ltr'>quae</span> <span class='ocrx_word' id='word_1_41' title='bbox 1027 580 1338 629; x_wconf 87' lang='lat' dir='ltr'>semiticarum</span> <span class='ocrx_word' id='word_1_42' title='bbox 1357 588 1462 627; x_wconf 89' lang='lat' dir='ltr'>natu</span> <span class='ocrx_word' id='word_1_43' title='bbox 1481 580 1632 628; x_wconf 84' lang='lat' dir='ltr'>media</span> <span class='ocrx_word' id='word_1_44' title='bbox 1666 577 1875 637; x_wconf 62' lang='lat' dir='ltr'>videtur,</span> <span class='ocrx_word' id='word_1_45' title='bbox 1910 613 1919 615; x_wconf 32' lang='lat' dir='ltr'>v-</span> 
     </span>
     <span class='ocr_line' id='line_1_8' title="bbox 414 659 1870 726; baseline -0.003 -15"><span class='ocrx_word' id='word_1_46' title='bbox 414 662 457 711; x_wconf 72' lang='lat' dir='ltr'>si</span> <span class='ocrx_word' id='word_1_47' title='bbox 493 679 584 710; x_wconf 90' lang='grc'>11011</span> <span class='ocrx_word' id='word_1_48' title='bbox 612 664 695 726; x_wconf 75' lang='lat' dir='ltr'>jrls</span> <span class='ocrx_word' id='word_1_49' title='bbox 732 660 1137 726; x_wconf 77' lang='lat' dir='ltr'>primogeniturae,</span> <span class='ocrx_word' id='word_1_50' title='bbox 1174 666 1301 708; x_wconf 85' lang='lat' dir='ltr'>certe</span> <span class='ocrx_word' id='word_1_51' title='bbox 1337 675 1539 707; x_wconf 85' lang='lat' dir='ltr'>summae</span> <span class='ocrx_word' id='word_1_52' title='bbox 1585 659 1870 722; x_wconf 70' lang='lat' dir='ltr'>antiquitatis</span> 
     </span>
     <span class='ocr_line' id='line_1_9' title="bbox 415 737 1872 803; baseline -0.003 -14"><span class='ocrx_word' id='word_1_53' title='bbox 415 748 613 790; x_wconf 88' lang='lat' dir='ltr'>constat.</span> <span class='ocrx_word' id='word_1_54' title='bbox 685 740 821 803; x_wconf 87' lang='lat' dir='ltr'>Ergo</span> <span class='ocrx_word' id='word_1_55' title='bbox 859 739 912 786; x_wconf 89' lang='lat' dir='ltr'>si</span> <span class='ocrx_word' id='word_1_56' title='bbox 936 738 1039 801; x_wconf 87' lang='lat' dir='ltr'>quis</span> <span class='ocrx_word' id='word_1_57' title='bbox 1076 737 1324 786; x_wconf 85' lang='lat' dir='ltr'>collatione</span> <span class='ocrx_word' id='word_1_58' title='bbox 1368 738 1628 786; x_wconf 83' lang='lat' dir='ltr'>universali</span> <span class='ocrx_word' id='word_1_59' title='bbox 1662 738 1872 786; x_wconf 82' lang='lat' dir='ltr'>instituta.</span> 
     </span>
     <span class='ocr_line' id='line_1_10' title="bbox 414 816 1872 882; baseline -0.003 -14"><span class='ocrx_word' id='word_1_60' title='bbox 414 820 461 868; x_wconf 88' lang='lat' dir='ltr'>in</span> <span class='ocrx_word' id='word_1_61' title='bbox 497 820 757 882; x_wconf 81' lang='lat' dir='ltr'>linguarum</span> <span class='ocrx_word' id='word_1_62' title='bbox 791 823 998 865; x_wconf 83' lang='lat' dir='ltr'>naturam</span> <span class='ocrx_word' id='word_1_63' title='bbox 1032 816 1336 879; x_wconf 63' lang='lat' dir='ltr'>inquisiturus</span> <span class='ocrx_word' id='word_1_64' title='bbox 1388 816 1589 879; x_wconf 87' lang='lat' dir='ltr'>quaerit,</span> <span class='ocrx_word' id='word_1_65' title='bbox 1633 817 1710 864; x_wconf 89' lang='lat' dir='ltr'>ubi</span> <span class='ocrx_word' id='word_1_66' title='bbox 1753 816 1872 864; x_wconf 78' lang='lat' dir='ltr'>insi-</span> 
     </span>
     <span class='ocr_line' id='line_1_11' title="bbox 415 894 1870 958; baseline -0.005 -11"><span class='ocrx_word' id='word_1_67' title='bbox 415 905 509 947; x_wconf 90' lang='lat' dir='ltr'>stat</span> <span class='ocrx_word' id='word_1_68' title='bbox 552 904 599 946; x_wconf 91' lang='lat' dir='ltr'>et</span> <span class='ocrx_word' id='word_1_69' title='bbox 642 895 766 944; x_wconf 90' lang='lat' dir='ltr'>unde</span> <span class='ocrx_word' id='word_1_70' title='bbox 813 902 1056 955; x_wconf 76' lang='lat' dir='ltr'>excurrat,</span> <span class='ocrx_word' id='word_1_71' title='bbox 1094 895 1297 958; x_wconf 87' lang='lat' dir='ltr'>linguam</span> <span class='ocrx_word' id='word_1_72' title='bbox 1342 894 1607 942; x_wconf 80' lang='lat' dir='ltr'>hebraicam</span> <span class='ocrx_word' id='word_1_73' title='bbox 1650 900 1870 954; x_wconf 87' lang='lat' dir='ltr'>assumat,</span> 
     </span>
     <span class='ocr_line' id='line_1_12' title="bbox 416 972 1874 1041; baseline -0.004 -16"><span class='ocrx_word' id='word_1_74' title='bbox 416 979 506 1041; x_wconf 73' lang='lat' dir='ltr'>qua</span> <span class='ocrx_word' id='word_1_75' title='bbox 541 977 666 1024; x_wconf 89' lang='lat' dir='ltr'>nulla</span> <span class='ocrx_word' id='word_1_76' title='bbox 701 975 782 1023; x_wconf 86' lang='lat' dir='ltr'>vel</span> <span class='ocrx_word' id='word_1_77' title='bbox 817 981 970 1024; x_wconf 90' lang='lat' dir='ltr'>aetate</span> <span class='ocrx_word' id='word_1_78' title='bbox 1005 973 1247 1039; x_wconf 89' lang='lat' dir='ltr'>superiora</span> <span class='ocrx_word' id='word_1_79' title='bbox 1280 973 1359 1022; x_wconf 86' lang='lat' dir='ltr'>vel</span> <span class='ocrx_word' id='word_1_80' title='bbox 1387 972 1660 1037; x_wconf 88' lang='lat' dir='ltr'>diligentius</span> <span class='ocrx_word' id='word_1_81' title='bbox 1695 988 1874 1020; x_wconf 86' lang='lat' dir='ltr'>excus-</span> 
     </span>
     <span class='ocr_line' id='line_1_13' title="bbox 415 1052 1873 1119; baseline -0.004 -16"><span class='ocrx_word' id='word_1_82' title='bbox 415 1073 471 1104; x_wconf 92' lang='lat' dir='ltr'>sa</span> <span class='ocrx_word' id='word_1_83' title='bbox 525 1060 815 1103; x_wconf 89' lang='lat' dir='ltr'>monumenta</span> <span class='ocrx_word' id='word_1_84' title='bbox 868 1053 1105 1119; x_wconf 78' lang='lat' dir='ltr'>possidet,</span> <span class='ocrx_word' id='word_1_85' title='bbox 1161 1052 1283 1101; x_wconf 89' lang='lat' dir='ltr'>hanc</span> <span class='ocrx_word' id='word_1_86' title='bbox 1328 1052 1573 1100; x_wconf 81' lang='lat' dir='ltr'>luminibus</span> <span class='ocrx_word' id='word_1_87' title='bbox 1618 1058 1873 1100; x_wconf 89' lang='lat' dir='ltr'>ceterarum</span> 
     </span>
     <span class='ocr_line' id='line_1_14' title="bbox 406 1128 1873 1198; baseline -0.004 -16"><span class='ocrx_word' id='word_1_88' title='bbox 406 1135 675 1198; x_wconf 76' lang='lat' dir='ltr'>&#39;linguarum</span> <span class='ocrx_word' id='word_1_89' title='bbox 711 1132 910 1181; x_wconf 88' lang='lat' dir='ltr'>admotis</span> <span class='ocrx_word' id='word_1_90' title='bbox 945 1132 1160 1191; x_wconf 77' lang='lat' dir='ltr'>illustret,</span> <span class='ocrx_word' id='word_1_91' title='bbox 1198 1138 1245 1180; x_wconf 89' lang='lat' dir='ltr'>et</span> <span class='ocrx_word' id='word_1_92' title='bbox 1290 1147 1408 1195; x_wconf 92' lang='lat' dir='ltr'>quae</span> <span class='ocrx_word' id='word_1_93' title='bbox 1450 1131 1541 1179; x_wconf 89' lang='lat' dir='ltr'>hac</span> <span class='ocrx_word' id='word_1_94' title='bbox 1586 1130 1765 1178; x_wconf 90' lang='lat' dir='ltr'>ratione</span> <span class='ocrx_word' id='word_1_95' title='bbox 1811 1128 1873 1177; x_wconf 87' lang='lat' dir='ltr'>de</span> 
     </span>
     <span class='ocr_line' id='line_1_15' title="bbox 413 1209 1877 1274; baseline -0.004 -13"><span class='ocrx_word' id='word_1_96' title='bbox 413 1212 713 1262; x_wconf 89' lang='lat' dir='ltr'>interioribus</span> <span class='ocrx_word' id='word_1_97' title='bbox 748 1210 1229 1273; x_wconf 88' lang='lat' dir='ltr'>1·econditioribusque</span> <span class='ocrx_word' id='word_1_98' title='bbox 1271 1210 1460 1274; x_wconf 79' lang='lat' dir='ltr'>linguae</span> <span class='ocrx_word' id='word_1_99' title='bbox 1502 1209 1753 1257; x_wconf 87' lang='lat' dir='ltr'>hebraicae</span> <span class='ocrx_word' id='word_1_100' title='bbox 1788 1224 1877 1256; x_wconf 72' lang='lat' dir='ltr'>ve-</span> 
     </span>
     <span class='ocr_line' id='line_1_16' title="bbox 414 1287 1878 1357; baseline -0.003 -18"><span class='ocrx_word' id='word_1_101' title='bbox 414 1292 490 1339; x_wconf 90' lang='lat' dir='ltr'>nis</span> <span class='ocrx_word' id='word_1_102' title='bbox 523 1291 616 1357; x_wconf 90' lang='lat' dir='ltr'>ipsi</span> <span class='ocrx_word' id='word_1_103' title='bbox 651 1290 992 1349; x_wconf 86' lang='lat' dir='ltr'>revelabuntur,</span> <span class='ocrx_word' id='word_1_104' title='bbox 1029 1306 1191 1337; x_wconf 89' lang='lat' dir='ltr'>rursus</span> <span class='ocrx_word' id='word_1_105' title='bbox 1237 1287 1297 1335; x_wconf 89' lang='lat' dir='ltr'>ad</span> <span class='ocrx_word' id='word_1_106' title='bbox 1342 1295 1526 1336; x_wconf 87' lang='lat' dir='ltr'>ceteras</span> <span class='ocrx_word' id='word_1_107' title='bbox 1572 1288 1758 1351; x_wconf 77' lang='lat' dir='ltr'>linguas</span> <span class='ocrx_word' id='word_1_108' title='bbox 1803 1288 1878 1334; x_wconf 92' lang='grc'>111-</span> 
     </span>
     <span class='ocr_line' id='line_1_17' title="bbox 415 1366 1877 1434; baseline -0.003 -16"><span class='ocrx_word' id='word_1_109' title='bbox 415 1368 700 1434; x_wconf 88' lang='lat' dir='ltr'>telligendas</span> <span class='ocrx_word' id='word_1_110' title='bbox 725 1374 983 1417; x_wconf 81' lang='lat' dir='ltr'>convertat.</span> <span class='ocrx_word' id='word_1_111' title='bbox 1053 1368 1134 1428; x_wconf 86' lang='lat' dir='ltr'>Et,</span> <span class='ocrx_word' id='word_1_112' title='bbox 1170 1373 1220 1415; x_wconf 90' lang='lat' dir='ltr'>ut</span> <span class='ocrx_word' id='word_1_113' title='bbox 1255 1367 1388 1414; x_wconf 82' lang='lat' dir='ltr'>brevi</span> <span class='ocrx_word' id='word_1_114' title='bbox 1409 1366 1574 1426; x_wconf 84' lang='lat' dir='ltr'>dicam,</span> <span class='ocrx_word' id='word_1_115' title='bbox 1609 1366 1877 1429; x_wconf 86' lang='lat' dir='ltr'>investiga-</span> 
     </span>
     <span class='ocr_line' id='line_1_18' title="bbox 414 1444 1878 1512; baseline -0.004 -15"><span class='ocrx_word' id='word_1_116' title='bbox 414 1449 480 1497; x_wconf 84' lang='lat' dir='ltr'>tio</span> <span class='ocrx_word' id='word_1_117' title='bbox 515 1449 775 1512; x_wconf 87' lang='lat' dir='ltr'>linguarum</span> <span class='ocrx_word' id='word_1_118' title='bbox 812 1447 1126 1511; x_wconf 77' lang='lat' dir='ltr'>comparativa</span> <span class='ocrx_word' id='word_1_119' title='bbox 1169 1445 1313 1494; x_wconf 89' lang='lat' dir='ltr'>ordiri</span> <span class='ocrx_word' id='word_1_120' title='bbox 1357 1445 1497 1493; x_wconf 90' lang='lat' dir='ltr'>debet</span> <span class='ocrx_word' id='word_1_121' title='bbox 1541 1445 1597 1493; x_wconf 89' lang='lat' dir='ltr'>ab</span> <span class='ocrx_word' id='word_1_122' title='bbox 1642 1444 1878 1504; x_wconf 86' lang='lat' dir='ltr'>hebraica,</span> 
     </span>
     <span class='ocr_line' id='line_1_19' title="bbox 415 1523 1877 1591; baseline -0.005 -16"><span class='ocrx_word' id='word_1_123' title='bbox 415 1530 553 1591; x_wconf 85' lang='lat' dir='ltr'>cujus</span> <span class='ocrx_word' id='word_1_124' title='bbox 588 1527 777 1574; x_wconf 73' lang='lat' dir='ltr'>viscera</span> <span class='ocrx_word' id='word_1_125' title='bbox 811 1525 1033 1573; x_wconf 86' lang='lat' dir='ltr'>intestina</span> <span class='ocrx_word' id='word_1_126' title='bbox 1071 1525 1113 1572; x_wconf 89' lang='lat' dir='ltr'>si</span> <span class='ocrx_word' id='word_1_127' title='bbox 1147 1523 1482 1591; x_wconf 76' lang='lat' dir='ltr'>physiologice</span> <span class='ocrx_word' id='word_1_128' title='bbox 1517 1523 1723 1582; x_wconf 79' lang='lat' dir='ltr'>noveris,</span> <span class='ocrx_word' id='word_1_129' title='bbox 1760 1523 1877 1569; x_wconf 86' lang='lat' dir='ltr'>mul-</span> 
     </span>
     <span class='ocr_line' id='line_1_20' title="bbox 414 1600 1880 1670; baseline -0.005 -16"><span class='ocrx_word' id='word_1_130' title='bbox 414 1612 510 1655; x_wconf 85' lang='lat' dir='ltr'>tum</span> <span class='ocrx_word' id='word_1_131' title='bbox 545 1604 605 1653; x_wconf 88' lang='lat' dir='ltr'>ad</span> <span class='ocrx_word' id='word_1_132' title='bbox 647 1605 833 1669; x_wconf 85' lang='lat' dir='ltr'>linguas</span> <span class='ocrx_word' id='word_1_133' title='bbox 879 1610 1063 1653; x_wconf 89' lang='lat' dir='ltr'>ceteras</span> <span class='ocrx_word' id='word_1_134' title='bbox 1105 1601 1460 1670; x_wconf 89' lang='lat' dir='ltr'>perspiciendas</span> <span class='ocrx_word' id='word_1_135' title='bbox 1513 1601 1761 1668; x_wconf 81' lang='lat' dir='ltr'>profecisti</span> <span class='ocrx_word' id='word_1_136' title='bbox 1806 1600 1880 1648; x_wconf 88' lang='lat' dir='ltr'>sa-</span> 
     </span>
     <span class='ocr_line' id='line_1_21' title="bbox 416 1678 1881 1748; baseline -0.003 -15"><span class='ocrx_word' id='word_1_137' title='bbox 416 1701 609 1748; x_wconf 85' lang='lat' dir='ltr'>cemque</span> <span class='ocrx_word' id='word_1_138' title='bbox 659 1682 992 1732; x_wconf 86' lang='lat' dir='ltr'>lucidissimam</span> <span class='ocrx_word' id='word_1_139' title='bbox 1038 1682 1121 1730; x_wconf 89' lang='lat' dir='ltr'>tibi</span> <span class='ocrx_word' id='word_1_140' title='bbox 1170 1680 1452 1740; x_wconf 85' lang='lat' dir='ltr'>accendisti,</span> <span class='ocrx_word' id='word_1_141' title='bbox 1509 1695 1626 1744; x_wconf 87' lang='lat' dir='ltr'>quae</span> <span class='ocrx_word' id='word_1_142' title='bbox 1670 1678 1731 1728; x_wconf 88' lang='lat' dir='ltr'>ad</span> <span class='ocrx_word' id='word_1_143' title='bbox 1773 1679 1881 1728; x_wconf 91' lang='lat' dir='ltr'>loca</span> 
     </span>
     <span class='ocr_line' id='line_1_22' title="bbox 416 1760 1375 1827; baseline -0.005 -15"><span class='ocrx_word' id='word_1_144' title='bbox 416 1764 574 1813; x_wconf 87' lang='lat' dir='ltr'>abdita</span> <span class='ocrx_word' id='word_1_145' title='bbox 607 1769 745 1827; x_wconf 87' lang='lat' dir='ltr'>atque</span> <span class='ocrx_word' id='word_1_146' title='bbox 780 1761 909 1809; x_wconf 76' lang='lat' dir='ltr'>invia</span> <span class='ocrx_word' id='word_1_147' title='bbox 942 1761 1032 1809; x_wconf 88' lang='lat' dir='ltr'>iter</span> <span class='ocrx_word' id='word_1_148' title='bbox 1066 1760 1147 1809; x_wconf 90' lang='lat' dir='ltr'>tibi</span> <span class='ocrx_word' id='word_1_149' title='bbox 1184 1760 1375 1825; x_wconf 90' lang='lat' dir='ltr'>aperiet.</span> 
     </span>
    </p>

    <p class='ocr_par' dir='ltr' id='par_1_3' title="bbox 416 1836 1883 2693">
     <span class='ocr_line' id='line_1_23' title="bbox 518 1836 1881 1905; baseline -0.005 -15"><span class='ocrx_word' id='word_1_150' title='bbox 518 1842 681 1890; x_wconf 90' lang='lat' dir='ltr'>Locus</span> <span class='ocrx_word' id='word_1_151' title='bbox 718 1847 792 1889; x_wconf 85' lang='lat' dir='ltr'>est</span> <span class='ocrx_word' id='word_1_152' title='bbox 826 1840 905 1888; x_wconf 91' lang='lat' dir='ltr'>hic</span> <span class='ocrx_word' id='word_1_153' title='bbox 941 1838 1224 1905; x_wconf 86' lang='lat' dir='ltr'>exponendi,</span> <span class='ocrx_word' id='word_1_154' title='bbox 1251 1856 1384 1903; x_wconf 88' lang='lat' dir='ltr'>quam</span> <span class='ocrx_word' id='word_1_155' title='bbox 1404 1838 1529 1886; x_wconf 80' lang='lat' dir='ltr'>viam</span> <span class='ocrx_word' id='word_1_156' title='bbox 1563 1853 1620 1886; x_wconf 86' lang='lat' dir='ltr'>ac</span> <span class='ocrx_word' id='word_1_157' title='bbox 1655 1836 1881 1885; x_wconf 84' lang='lat' dir='ltr'>rationem</span> 
     </span>
     <span class='ocr_line' id='line_1_24' title="bbox 417 1913 1880 1984; baseline -0.003 -15"><span class='ocrx_word' id='word_1_158' title='bbox 417 1920 584 1969; x_wconf 88' lang='lat' dir='ltr'>schola</span> <span class='ocrx_word' id='word_1_159' title='bbox 617 1919 923 1968; x_wconf 84' lang='lat' dir='ltr'>historice</span> <span class='ocrx_word' id='word_1_160' title='bbox 961 1919 1273 1984; x_wconf 78' lang='lat' dir='ltr'>analytica</span> <span class='ocrx_word' id='word_1_161' title='bbox 1307 1916 1554 1966; x_wconf 89' lang='lat' dir='ltr'>ineundam</span> <span class='ocrx_word' id='word_1_162' title='bbox 1591 1921 1784 1964; x_wconf 89' lang='lat' dir='ltr'>censeat</span> <span class='ocrx_word' id='word_1_163' title='bbox 1818 1913 1880 1964; x_wconf 86' lang='lat' dir='ltr'>ad</span> 
     </span>
     <span class='ocr_line' id='line_1_25' title="bbox 417 1994 1880 2064; baseline -0.004 -17"><span class='ocrx_word' id='word_1_164' title='bbox 417 2000 623 2064; x_wconf 89' lang='lat' dir='ltr'>linguam</span> <span class='ocrx_word' id='word_1_165' title='bbox 676 1998 941 2047; x_wconf 88' lang='lat' dir='ltr'>hebraicam</span> <span class='ocrx_word' id='word_1_166' title='bbox 995 1997 1295 2061; x_wconf 84' lang='lat' dir='ltr'>grammatice</span> <span class='ocrx_word' id='word_1_167' title='bbox 1358 2003 1496 2060; x_wconf 87' lang='lat' dir='ltr'>atque</span> <span class='ocrx_word' id='word_1_168' title='bbox 1560 1994 1880 2060; x_wconf 76' lang='lat' dir='ltr'>etymologice</span> 
     </span>
     <span class='ocr_line' id='line_1_26' title="bbox 416 2073 1882 2143; baseline -0.004 -16"><span class='ocrx_word' id='word_1_169' title='bbox 416 2077 810 2143; x_wconf 81' lang='lat' dir='ltr'>investigandam.</span> <span class='ocrx_word' id='word_1_170' title='bbox 880 2075 1282 2125; x_wconf 73' lang='lat' dir='ltr'>praemonendum</span> <span class='ocrx_word' id='word_1_171' title='bbox 1320 2082 1394 2123; x_wconf 87' lang='lat' dir='ltr'>est</span> <span class='ocrx_word' id='word_1_172' title='bbox 1428 2090 1569 2133; x_wconf 85' lang='lat' dir='ltr'>vero,</span> <span class='ocrx_word' id='word_1_173' title='bbox 1614 2073 1736 2121; x_wconf 91' lang='lat' dir='ltr'>hanc</span> <span class='ocrx_word' id='word_1_174' title='bbox 1782 2089 1882 2121; x_wconf 91' lang='lat' dir='ltr'>me-</span> 
     </span>
     <span class='ocr_line' id='line_1_27' title="bbox 416 2151 1881 2220; baseline -0.005 -15"><span class='ocrx_word' id='word_1_175' title='bbox 416 2156 632 2217; x_wconf 89' lang='lat' dir='ltr'>thodum,</span> <span class='ocrx_word' id='word_1_176' title='bbox 669 2157 856 2204; x_wconf 90' lang='lat' dir='ltr'>multum</span> <span class='ocrx_word' id='word_1_177' title='bbox 899 2156 956 2203; x_wconf 89' lang='lat' dir='ltr'>ab</span> <span class='ocrx_word' id='word_1_178' title='bbox 998 2154 1230 2220; x_wconf 87' lang='lat' dir='ltr'>opinionis</span> <span class='ocrx_word' id='word_1_179' title='bbox 1276 2158 1648 2220; x_wconf 88' lang='lat' dir='ltr'>praeconceptae</span> <span class='ocrx_word' id='word_1_180' title='bbox 1691 2151 1881 2199; x_wconf 86' lang='lat' dir='ltr'>arbitrio</span> 
     </span>
     <span class='ocr_line' id='line_1_28' title="bbox 419 2233 1882 2300; baseline -0.005 -16"><span class='ocrx_word' id='word_1_181' title='bbox 419 2239 699 2300; x_wconf 80' lang='lat' dir='ltr'>sejunctam,</span> <span class='ocrx_word' id='word_1_182' title='bbox 736 2235 841 2300; x_wconf 88' lang='lat' dir='ltr'>ipsa</span> <span class='ocrx_word' id='word_1_183' title='bbox 876 2233 1169 2299; x_wconf 85' lang='lat' dir='ltr'>experientia</span> <span class='ocrx_word' id='word_1_184' title='bbox 1215 2238 1522 2298; x_wconf 85' lang='lat' dir='ltr'>comparatam</span> <span class='ocrx_word' id='word_1_185' title='bbox 1564 2246 1621 2278; x_wconf 88' lang='lat' dir='ltr'>ac</span> <span class='ocrx_word' id='word_1_186' title='bbox 1666 2246 1882 2296; x_wconf 86' lang='lat' dir='ltr'>compro-</span> 
     </span>
     <span class='ocr_line' id='line_1_29' title="bbox 417 2308 1883 2377; baseline -0.006 -13"><span class='ocrx_word' id='word_1_187' title='bbox 417 2315 570 2364; x_wconf 85' lang='lat' dir='ltr'>batam</span> <span class='ocrx_word' id='word_1_188' title='bbox 606 2330 731 2362; x_wconf 87' lang='lat' dir='ltr'>esse.</span> <span class='ocrx_word' id='word_1_189' title='bbox 806 2312 928 2363; x_wconf 79' lang='lat' dir='ltr'>Sunt</span> <span class='ocrx_word' id='word_1_190' title='bbox 964 2312 1489 2377; x_wconf 55' lang='lat' dir='ltr'>igitiilj-Qssms,</span> <span class='ocrx_word' id='word_1_191' title='bbox 1535 2308 1704 2356; x_wconf 78' lang='lat' dir='ltr'>ambitu</span> <span class='ocrx_word' id='word_1_192' title='bbox 1748 2309 1883 2356; x_wconf 90' lang='grc'>11136-</span> 
     </span>
     <span class='ocr_line' id='line_1_30' title="bbox 418 2385 1881 2456; baseline -0.005 -16"><span class='ocrx_word' id='word_1_193' title='bbox 418 2393 598 2456; x_wconf 86' lang='lat' dir='ltr'>quales,</span> <span class='ocrx_word' id='word_1_194' title='bbox 636 2398 798 2440; x_wconf 91' lang='lat' dir='ltr'>centro</span> <span class='ocrx_word' id='word_1_195' title='bbox 834 2391 1023 2450; x_wconf 87' lang='lat' dir='ltr'>eodem,</span> <span class='ocrx_word' id='word_1_196' title='bbox 1057 2391 1105 2438; x_wconf 92' lang='lat' dir='ltr'>in</span> <span class='ocrx_word' id='word_1_197' title='bbox 1150 2390 1314 2454; x_wconf 90' lang='lat' dir='ltr'>quibus</span> <span class='ocrx_word' id='word_1_198' title='bbox 1359 2389 1507 2437; x_wconf 89' lang='lat' dir='ltr'>omnis</span> <span class='ocrx_word' id='word_1_199' title='bbox 1560 2388 1750 2451; x_wconf 89' lang='lat' dir='ltr'>linguae</span> <span class='ocrx_word' id='word_1_200' title='bbox 1793 2385 1881 2434; x_wconf 89' lang='lat' dir='ltr'>he-</span> 
     </span>
     <span class='ocr_line' id='line_1_31' title="bbox 419 2465 1882 2537; baseline -0.007 -15"><span class='ocrx_word' id='word_1_201' title='bbox 419 2472 606 2522; x_wconf 85' lang='lat' dir='ltr'>braicae</span> <span class='ocrx_word' id='word_1_202' title='bbox 639 2469 1258 2537; x_wconf 47' lang='lat' dir='ltr'>pes-xggtigaQ-Wflsamm</span> <span class='ocrx_word' id='word_1_203' title='bbox 1302 2468 1497 2534; x_wconf 88' lang='lat' dir='ltr'>primus,</span> <span class='ocrx_word' id='word_1_204' title='bbox 1542 2482 1675 2530; x_wconf 88' lang='lat' dir='ltr'>quem</span> <span class='ocrx_word' id='word_1_205' title='bbox 1721 2465 1882 2528; x_wconf 88' lang='lat' dir='ltr'>lingua</span> 
     </span>
     <span class='ocr_line' id='line_1_32' title="bbox 418 2543 1881 2616; baseline -0.005 -18"><span class='ocrx_word' id='word_1_206' title='bbox 418 2551 575 2616; x_wconf 86' lang='lat' dir='ltr'>ipsa,</span> <span class='ocrx_word' id='word_1_207' title='bbox 613 2549 747 2614; x_wconf 85' lang='lat' dir='ltr'>quasi</span> <span class='ocrx_word' id='word_1_208' title='bbox 782 2548 953 2597; x_wconf 88' lang='lat' dir='ltr'>circum</span> <span class='ocrx_word' id='word_1_209' title='bbox 999 2564 1136 2596; x_wconf 87' lang='lat' dir='ltr'>axem</span> <span class='ocrx_word' id='word_1_210' title='bbox 1184 2565 1313 2595; x_wconf 83' lang='lat' dir='ltr'>suam</span> <span class='ocrx_word' id='word_1_211' title='bbox 1356 2563 1612 2604; x_wconf 82' lang='lat' dir='ltr'>conversa,</span> <span class='ocrx_word' id='word_1_212' title='bbox 1668 2543 1881 2602; x_wconf 84' lang='lat' dir='ltr'>conficit3</span> 
     </span>
     <span class='ocr_line' id='line_1_33' title="bbox 421 2623 1882 2693; baseline -0.005 -16"><span class='ocrx_word' id='word_1_213' title='bbox 421 2630 552 2689; x_wconf 82' lang='lat' dir='ltr'>alter,</span> <span class='ocrx_word' id='word_1_214' title='bbox 572 2645 662 2693; x_wconf 85' lang='lat' dir='ltr'>quo</span> <span class='ocrx_word' id='word_1_215' title='bbox 684 2628 763 2677; x_wconf 91' lang='lat' dir='ltr'>hic</span> <span class='ocrx_word' id='word_1_216' title='bbox 782 2627 929 2676; x_wconf 89' lang='lat' dir='ltr'>minor</span> <span class='ocrx_word' id='word_1_217' title='bbox 950 2626 1292 2677; x_wconf 84' lang='lat' dir='ltr'>circumductus</span> <span class='ocrx_word' id='word_1_218' title='bbox 1311 2633 1398 2687; x_wconf 81' lang='lat' dir='ltr'>est,</span> <span class='ocrx_word' id='word_1_219' title='bbox 1423 2624 1582 2673; x_wconf 86' lang='lat' dir='ltr'>diale</span> <span class='ocrx_word' id='word_1_220' title='bbox 1596 2623 1792 2673; x_wconf 90' lang='lat' dir='ltr'>cticus</span> <span class='ocrx_word' id='word_1_221' title='bbox 1814 2624 1882 2684; x_wconf 60' lang='grc' dir='ltr'>Ἲς</span> 
     </span>
    </p>
   </div>
   <div class='ocr_carea' id='block_1_3' title="bbox 510 2792 1880 2852">
    <p class='ocr_par' dir='ltr' id='par_1_4' title="bbox 510 2792 1880 2852">
     <span class='ocr_line' id='line_1_34' title="bbox 510 2792 1880 2852; baseline -0.009 -11"><span class='ocrx_word' id='word_1_222' title='bbox 510 2801 551 2850; x_wconf 85' lang='lat'>¹]</span> <span class='ocrx_word' id='word_1_223' title='bbox 583 2802 797 2842; x_wconf 81' lang='lat' dir='ltr'>veterrimi</span> <span class='ocrx_word' id='word_1_224' title='bbox 826 2812 1060 2852; x_wconf 81' lang='lat' dir='ltr'>synagogae</span> <span class='ocrx_word' id='word_1_225' title='bbox 1091 2799 1273 2838; x_wconf 77' lang='lat' dir='ltr'>doctores</span> <span class='ocrx_word' id='word_1_226' title='bbox 1315 2800 1444 2839; x_wconf 81' lang='lat' dir='ltr'>LXX.</span> <span class='ocrx_word' id='word_1_227' title='bbox 1485 2798 1644 2847; x_wconf 79' lang='lat' dir='ltr'>linguas</span> <span class='ocrx_word' id='word_1_228' title='bbox 1679 2805 1771 2833; x_wconf 85' lang='lat' dir='ltr'>esse</span> <span class='ocrx_word' id='word_1_229' title='bbox 1814 2792 1880 2830; x_wconf 83' lang='lat' dir='ltr'>di-</span> 
     </span>
    </p>
   </div>
  </div>
 </body>
</html>
