1956 3270
999 135 1056 145 -..
1113 110 1297 155 20-

421 228 524 291 (cui
559 230 789 294 repugnat
823 225 1186 294 palaestinensis
1221 224 1464 275 doctrinae
1497 225 1750 291 ingenium,
1787 229 1879 279 'ri-

419 306 702 356 beriensium
736 304 1059 372 pronunciatio
1095 309 1142 352 et
1163 304 1716 369 Masoretarumnatura]
1752 308 1876 357 Lud.
1934 335 1937 342 v

421 385 692 451 Capellum,
743 384 825 432 Jo.
875 382 1113 432 Morinum
1167 382 1378 446 aliosque
1421 383 1482 432 ad
1536 384 1879 435 insulsissimas

422 463 669 530 opiniones
705 462 1001 529 perduceret.
1078 460 1254 521 Porro,
1300 461 1495 510 vixdum
1540 463 1746 511 ecclesia
1789 464 1878 512 ali-
1935 473 1937 488 ³

420 541 684 605 quantulum
740 539 1048 605 synagogalis
1103 538 1369 588 traditionis
1405 557 1461 589 ac
1506 540 1784 607 disciplinae
1827 543 1877 591 in
1935 567 1937 571 ·

423 637 520 669 rem
557 637 687 669 suam
723 624 1034 678 converterat,
1072 618 1364 682 Qimchiique
1383 617 1567 667 Milclol
1597 626 1769 668 tantum
1803 620 1877 668 in-
1935 655 1937 668 2

419 700 683 759 tellexerat,
720 705 935 761 quantum
971 704 1045 745 sat
1079 703 1210 746 esset
1254 697 1314 745 ad
1359 698 1720 764 compilandum,
1764 698 1878 747 vix-

421 777 527 825 dum
563 777 797 825 Buxtorfii
832 777 1024 825 arbores
1059 782 1293 836 severant,
1330 793 1448 840 quae
1483 778 1617 826 alteri
1646 778 1878 844 posteris·
1935 804 1938 840 2

420 872 511 920 que
547 856 745 917 seculis,
781 855 948 904 sedulo
980 854 1220 918 irrigatae,
1255 854 1488 921 prodesse
1522 862 1741 922 possent:
1774 872 1878 905 cum

420 934 705 983 exstiterunt
766 933 1012 993 nonnulli,
1076 932 1154 997 qui
1209 934 1530 982 auctoritatem
1583 934 1876 998 judaicorum
1936 949 1937 1002 j

419 1013 747 1077 magistrorum
809 1012 1114 1079 respuebant,
1176 1017 1227 1059 ut
1287 1011 1488 1079 ineptias
1550 1029 1578 1062 e
1630 1013 1876 1062 cerebellis

419 1092 625 1157 ipsorum
672 1090 893 1141 oriundas
929 1091 1285 1149 substituerent,
1320 1090 1368 1139 111
1411 1091 1487 1139 his
1532 1091 1615 1139 Jo.
1662 1090 1875 1140 Forste-

417 1187 510 1218 rus
556 1174 639 1233 (m.
684 1169 872 1232 1556),
908 1169 1160 1218 Reuchlini
1205 1168 1280 1231 (id
1323 1169 1447 1233 quod
1489 1169 1682 1232 mirere)
1730 1169 1878 1219 disci-

418 1249 571 1316 pulus,
613 1247 820 1298 Samuel
851 1248 1007 1297 Bolzle
1042 1252 1124 1310 [m.
1169 1247 1355 1311 1639),
1400 1254 1446 1297 et
1492 1247 1675 1311 quidam
1719 1247 1877 1297 Bibli-
1935 1254 1938 1287 ῖ

415 1328 591 1387 ander,
628 1327 704 1391 qui
733 1326 960 1392 judicium
994 1326 1194 1375 Lutheri
1227 1326 1451 1375 audacius
1486 1325 1546 1374 de
1580 1327 1878 1392 punctatione
1935 1387 1937 1391 ,

417 1421 588 1455 recens
622 1406 837 1466 inventa,
874 1405 1027 1454 bibliis
1074 1406 1328 1472 corruptis,
1367 1403 1668 1469 judaicisque
1710 1404 1876 1464 literis,
1934 1409 1937 1422 ⁵

417 1501 535 1548 quas
569 1501 896 1547 nonnunquam
929 1484 1118 1532 inutiles
1153 1485 1259 1533 sive
1294 1483 1585 1550 perniciosas
1621 1498 1733 1531 esse
1761 1482 1877 1531 dicit
1934 1491 1937 1547 }

417 1563 524 1612 sine
567 1563 874 1628 exceptione,
920 1579 1114 1628 prorsus
1160 1562 1433 1627 reJiciendis
1474 1561 1776 1627 arripuerunt,
1813 1567 1876 1622 et,
1934 1559 1937 1614 ἶ

416 1657 552 1704 quam
585 1642 666 1690 ille
701 1641 977 1691 sententiam
1012 1641 1061 1689 in
1097 1657 1241 1691 causa
1266 1640 1675 1689 Psefferkorniana
1708 1641 1876 1689 tulerat

415 1735 475 1768 ac
511 1726 679 1783 quanta
707 1720 939 1769 modestia
972 1719 1065 1786 ipsi
1100 1719 1372 1778 aQimchiis
1399 1720 1535 1767 telam
1570 1719 1875 1768 retexendam
1933 1702 1937 1782 ζ

415 1813 528 1847 esse
562 1799 977 1864 pronunciaverat,
1012 1814 1074 1847 ex
1119 1798 1341 1847 memoria
1381 1797 1663 1864 deposuisse
1706 1797 1876 1847 viden-
1933 1787 1937 1810 ³

413 1881 504 1924 tur.
576 1877 804 1925 Ecclesia
837 1876 992 1924 infans
1035 1882 1135 1924 erat
1176 1878 1456 1942 linguaeque
1501 1876 1749 1926 hebraicae
1790 1895 1876 1943 pa-
1933 1858 1937 1873 ’

414 1972 516 2003 rum
551 1970 712 2018 gnara,
750 1972 853 2004 011111
885 1961 1077 2021 propter
1111 1971 1312 2016 errores,
1350 1972 1467 2020 quos
1503 1955 1593 2003 sibi
1628 1971 1730 2004 011111
1752 1955 1876 2006 lacte
1933 1943 1935 2001 ξ

415 2032 610 2081 nutricis
647 2034 840 2082 suxisse
876 2033 1131 2094 videretur,
1168 2035 1464 2101 semetipsam
1485 2034 1792 2083 nutricatione
1827 2041 1876 2084 et
1932 2019 1936 2042 ³

416 2110 776 2160 manuductione
810 2111 930 2160 ultra
963 2129 1056 2161 non
1094 2129 1240 2181 egere
1276 2114 1463 2180 opinata
1498 2119 1585 2162 est.
1656 2113 1722 2161 Et
1757 2129 1876 2177 quae

413 2191 606 2256 linguae
641 2190 892 2239 hebraicae
926 2191 1243 2255 cognitionem
1288 2191 1530 2255 hucusque
1565 2193 1751 2241 nonnisi
1785 2210 1875 2258 sy·-

414 2286 636 2334 nagogae
688 2268 939 2317 traditione
993 2276 1266 2336 acceperat,
1317 2271 1391 2318 sui
1428 2270 1551 2334 juris
1591 2271 1717 2319 sacta
1761 2287 1874 2321 esse

415 2349 507 2397 sibi
541 2347 649 2395 visa
685 2355 760 2395 est
795 2364 987 2412 eamque
1022 2349 1240 2413 linguam,
1276 2364 1394 2412 quae
1437 2348 1621 2397 sibimet
1658 2351 1757 2413 jam
1799 2350 1872 2398 le-

413 2426 575 2491 gitime
608 2432 743 2474 esset
775 2427 1050 2491 peculiaris,
1096 2432 1262 2493 suapte
1307 2433 1474 2492 sponte
1526 2443 1703 2491 suoque
1743 2426 1874 2492 judi-

414 2505 490 2553 cio
525 2503 825 2568 grammatice
858 2511 1061 2554 tractare
1097 2513 1145 2554 et
1189 2504 1250 2553 ad
1292 2505 1549 2571 scripturae
1592 2506 1873 2572 interpreta-

413 2583 586 2631 tionem
621 2581 844 2631 adhibere
880 2583 1049 2649 coepit.
1119 2584 1174 2632 In
1211 2584 1373 2648 quales
1416 2591 1704 2648 quantosque
1739 2600 1871 2634 erro-

412 2677 508 2722 reS,
542 2661 590 2709 in
626 2677 759 2724 quam
793 2678 945 2710 vanos
980 2662 1236 2726 inanesque
1273 2663 1456 2711 labores
1492 2663 1582 2713 hac
1609 2663 1872 2727 jactatione

412 2738 690 2788 insolentius
726 2755 782 2788 se
817 2742 1042 2790 efferente
1074 2741 1363 2806 grammatici
1397 2742 1546 2790 nostri
1579 2741 1869 2801 incurrerint,

411 2818 627 2868 acerbum
660 2823 738 2867 est
770 2817 911 2868 dictu.
981 2820 1066 2870 Ex
1100 2819 1191 2870 hac
1233 2836 1348 2871 suae
1391 2820 1614 2873 infantiae
1656 2819 1868 2871 inscien-
