<?xml version="1.0" encoding="UTF-8"?>
<!DOCTYPE html PUBLIC "-//W3C//DTD XHTML 1.0 Transitional//EN"
    "http://www.w3.org/TR/xhtml1/DTD/xhtml1-transitional.dtd">
<html xmlns="http://www.w3.org/1999/xhtml" xml:lang="en" lang="en">
 <head>
  <title>
</title>
<meta http-equiv="Content-Type" content="text/html;charset=utf-8" />
  <meta name='ocr-system' content='tesseract 3.04.00' />
  <meta name='ocr-capabilities' content='ocr_page ocr_carea ocr_par ocr_line ocrx_word'/>
</head>
<body>
  <div class='ocr_page' id='page_1' title='image "./jesurunsiveprole00deliuoft/jesurunsiveprole00deliuoft_0038.png"; bbox 0 0 1956 3270; ppageno 0'>
   <div class='ocr_carea' id='block_1_1' title="bbox 1017 104 1316 150">
    <p class='ocr_par' dir='ltr' id='par_1_1' title="bbox 1017 104 1316 150">
     <span class='ocr_line' id='line_1_1' title="bbox 1017 104 1316 150; baseline 0.013 -12"><span class='ocrx_word' id='word_1_1' title='bbox 1017 104 1316 150; x_wconf 62' lang='lat'>...12-</span> 
     </span>
    </p>
   </div>
   <div class='ocr_carea' id='block_1_2' title="bbox 429 219 1896 1544">
    <p class='ocr_par' dir='ltr' id='par_1_2' title="bbox 429 219 1896 1544">
     <span class='ocr_line' id='line_1_2' title="bbox 433 219 1896 289; baseline 0.001 -19"><span class='ocrx_word' id='word_1_2' title='bbox 433 225 566 289; x_wconf 87' lang='lat' dir='ltr'>parte</span> <span class='ocrx_word' id='word_1_3' title='bbox 601 220 779 287; x_wconf 79' lang='lat' dir='ltr'>Syriae</span> <span class='ocrx_word' id='word_1_4' title='bbox 815 220 1121 287; x_wconf 83' lang='lat' dir='ltr'>expugnatis,</span> <span class='ocrx_word' id='word_1_5' title='bbox 1166 219 1286 269; x_wconf 92' lang='lat' dir='ltr'>inter</span> <span class='ocrx_word' id='word_1_6' title='bbox 1322 219 1472 286; x_wconf 86' lang='lat' dir='ltr'>spolia</span> <span class='ocrx_word' id='word_1_7' title='bbox 1506 220 1656 287; x_wconf 89' lang='lat' dir='ltr'>opima</span> <span class='ocrx_word' id='word_1_8' title='bbox 1692 222 1896 271; x_wconf 88' lang='lat' dir='ltr'>orienta-</span> 
     </span>
     <span class='ocr_line' id='line_1_3' title="bbox 433 298 1896 362; baseline 0.001 -14"><span class='ocrx_word' id='word_1_9' title='bbox 433 301 557 348; x_wconf 90' lang='lat' dir='ltr'>libus</span> <span class='ocrx_word' id='word_1_10' title='bbox 593 299 804 348; x_wconf 88' lang='lat' dir='ltr'>detracta</span> <span class='ocrx_word' id='word_1_11' title='bbox 851 299 1043 348; x_wconf 89' lang='lat' dir='ltr'>codices</span> <span class='ocrx_word' id='word_1_12' title='bbox 1090 315 1271 362; x_wconf 88' lang='lat' dir='ltr'>quoque</span> <span class='ocrx_word' id='word_1_13' title='bbox 1315 298 1565 348; x_wconf 86' lang='lat' dir='ltr'>hebraicos</span> <span class='ocrx_word' id='word_1_14' title='bbox 1601 307 1648 349; x_wconf 85' lang='lat' dir='ltr'>et</span> <span class='ocrx_word' id='word_1_15' title='bbox 1681 302 1896 350; x_wconf 88' lang='lat' dir='ltr'>arabicos</span> 
     </span>
     <span class='ocr_line' id='line_1_4' title="bbox 433 377 1896 444; baseline 0.001 -17"><span class='ocrx_word' id='word_1_16' title='bbox 433 379 482 427; x_wconf 88' lang='lat' dir='ltr'>in</span> <span class='ocrx_word' id='word_1_17' title='bbox 517 380 753 443; x_wconf 81' lang='lat' dir='ltr'>Europam</span> <span class='ocrx_word' id='word_1_18' title='bbox 789 378 973 426; x_wconf 82' lang='lat' dir='ltr'>invexit</span> <span class='ocrx_word' id='word_1_19' title='bbox 987 378 1031 439; x_wconf 82' lang='lat'>¹]</span> <span class='ocrx_word' id='word_1_20' title='bbox 1069 377 1445 442; x_wconf 88' lang='lat' dir='ltr'>arabicorumque</span> <span class='ocrx_word' id='word_1_21' title='bbox 1480 379 1701 444; x_wconf 89' lang='lat' dir='ltr'>plurimos</span> <span class='ocrx_word' id='word_1_22' title='bbox 1737 397 1764 427; x_wconf 87' lang='lat' dir='ltr'>a</span> <span class='ocrx_word' id='word_1_23' title='bbox 1796 381 1896 428; x_wconf 92' lang='lat' dir='ltr'>Bo-</span> 
     </span>
     <span class='ocr_line' id='line_1_5' title="bbox 433 456 1895 514; baseline 0.001 -9"><span class='ocrx_word' id='word_1_24' title='bbox 433 457 737 505; x_wconf 87' lang='lat' dir='ltr'>noniensibus</span> <span class='ocrx_word' id='word_1_25' title='bbox 780 456 827 505; x_wconf 93' lang='lat' dir='ltr'>in</span> <span class='ocrx_word' id='word_1_26' title='bbox 863 457 1107 514; x_wconf 90' lang='lat' dir='ltr'>Latinum,</span> <span class='ocrx_word' id='word_1_27' title='bbox 1151 474 1179 504; x_wconf 88' lang='lat' dir='ltr'>a</span> <span class='ocrx_word' id='word_1_28' title='bbox 1213 457 1398 505; x_wconf 88' lang='lat' dir='ltr'>Jacobo</span> <span class='ocrx_word' id='word_1_29' title='bbox 1433 457 1659 506; x_wconf 77' lang='lat' dir='ltr'>Anatolio</span> <span class='ocrx_word' id='word_1_30' title='bbox 1705 458 1895 507; x_wconf 90' lang='lat' dir='ltr'>Judaeo</span> 
     </span>
     <span class='ocr_line' id='line_1_6' title="bbox 432 535 1895 600; baseline -0.001 -16"><span class='ocrx_word' id='word_1_31' title='bbox 432 535 481 584; x_wconf 88' lang='lat' dir='ltr'>in</span> <span class='ocrx_word' id='word_1_32' title='bbox 500 535 780 584; x_wconf 91' lang='lat' dir='ltr'>Hebraicum</span> <span class='ocrx_word' id='word_1_33' title='bbox 812 535 1067 583; x_wconf 88' lang='lat' dir='ltr'>vertendos</span> <span class='ocrx_word' id='word_1_34' title='bbox 1104 535 1307 595; x_wconf 66' lang='lat' dir='ltr'>curavit,</span> <span class='ocrx_word' id='word_1_35' title='bbox 1343 542 1390 583; x_wconf 87' lang='lat' dir='ltr'>at</span> <span class='ocrx_word' id='word_1_36' title='bbox 1423 535 1516 584; x_wconf 86' lang='lat' dir='ltr'>iste</span> <span class='ocrx_word' id='word_1_37' title='bbox 1552 535 1754 600; x_wconf 81' lang='lat' dir='ltr'>linguam</span> <span class='ocrx_word' id='word_1_38' title='bbox 1790 553 1895 583; x_wconf 84' lang='lat' dir='ltr'>ara-</span> 
     </span>
     <span class='ocr_line' id='line_1_7' title="bbox 433 613 1896 677; baseline 0 -14"><span class='ocrx_word' id='word_1_39' title='bbox 433 614 583 663; x_wconf 87' lang='lat' dir='ltr'>bicam</span> <span class='ocrx_word' id='word_1_40' title='bbox 626 621 673 662; x_wconf 86' lang='lat' dir='ltr'>et</span> <span class='ocrx_word' id='word_1_41' title='bbox 720 630 822 663; x_wconf 88' lang='lat' dir='ltr'>cum</span> <span class='ocrx_word' id='word_1_42' title='bbox 869 630 926 663; x_wconf 87' lang='lat' dir='ltr'>ea</span> <span class='ocrx_word' id='word_1_43' title='bbox 967 614 1184 661; x_wconf 68' lang='lat' dir='ltr'>Islamum</span> <span class='ocrx_word' id='word_1_44' title='bbox 1227 613 1346 662; x_wconf 90' lang='lat' dir='ltr'>adeo</span> <span class='ocrx_word' id='word_1_45' title='bbox 1380 613 1427 661; x_wconf 92' lang='lat' dir='ltr'>in</span> <span class='ocrx_word' id='word_1_46' title='bbox 1464 614 1569 662; x_wconf 88' lang='lat' dir='ltr'>sinu</span> <span class='ocrx_word' id='word_1_47' title='bbox 1604 622 1740 677; x_wconf 90' lang='lat' dir='ltr'>atque</span> <span class='ocrx_word' id='word_1_48' title='bbox 1775 614 1896 663; x_wconf 89' lang='lat' dir='ltr'>deli-</span> 
     </span>
     <span class='ocr_line' id='line_1_8' title="bbox 435 691 1895 757; baseline 0.001 -16"><span class='ocrx_word' id='word_1_49' title='bbox 435 692 524 741; x_wconf 86' lang='lat' dir='ltr'>ciis</span> <span class='ocrx_word' id='word_1_50' title='bbox 559 693 782 753; x_wconf 86' lang='lat' dir='ltr'>habebat,</span> <span class='ocrx_word' id='word_1_51' title='bbox 827 699 877 741; x_wconf 89' lang='lat' dir='ltr'>ut</span> <span class='ocrx_word' id='word_1_52' title='bbox 920 692 968 740; x_wconf 91' lang='lat' dir='ltr'>in</span> <span class='ocrx_word' id='word_1_53' title='bbox 1016 691 1320 741; x_wconf 80' lang='lat' dir='ltr'>restauranda</span> <span class='ocrx_word' id='word_1_54' title='bbox 1355 692 1573 741; x_wconf 84' lang='lat' dir='ltr'>hebraica</span> <span class='ocrx_word' id='word_1_55' title='bbox 1608 693 1768 757; x_wconf 87' lang='lat' dir='ltr'>lingua</span> <span class='ocrx_word' id='word_1_56' title='bbox 1802 710 1895 742; x_wconf 89' lang='lat' dir='ltr'>nou</span> 
     </span>
     <span class='ocr_line' id='line_1_9' title="bbox 433 771 1896 838; baseline -0.001 -18"><span class='ocrx_word' id='word_1_57' title='bbox 433 772 620 820; x_wconf 89' lang='lat' dir='ltr'>multum</span> <span class='ocrx_word' id='word_1_58' title='bbox 665 787 805 820; x_wconf 89' lang='lat' dir='ltr'>curae</span> <span class='ocrx_word' id='word_1_59' title='bbox 849 771 1061 835; x_wconf 88' lang='lat' dir='ltr'>defigere</span> <span class='ocrx_word' id='word_1_60' title='bbox 1103 777 1287 837; x_wconf 85' lang='lat' dir='ltr'>posset,</span> <span class='ocrx_word' id='word_1_61' title='bbox 1322 772 1596 838; x_wconf 86' lang='lat' dir='ltr'>praesertim</span> <span class='ocrx_word' id='word_1_62' title='bbox 1631 771 1678 819; x_wconf 93' lang='lat' dir='ltr'>in</span> <span class='ocrx_word' id='word_1_63' title='bbox 1713 772 1896 837; x_wconf 87' lang='lat' dir='ltr'>asperi-</span> 
     </span>
     <span class='ocr_line' id='line_1_10' title="bbox 432 850 1895 916; baseline 0.001 -18"><span class='ocrx_word' id='word_1_64' title='bbox 432 850 605 899; x_wconf 78' lang='lat' dir='ltr'>tatibus</span> <span class='ocrx_word' id='word_1_65' title='bbox 651 867 802 899; x_wconf 89' lang='lat' dir='ltr'>rerum</span> <span class='ocrx_word' id='word_1_66' title='bbox 849 867 1032 898; x_wconf 89' lang='lat' dir='ltr'>suarum</span> <span class='ocrx_word' id='word_1_67' title='bbox 1075 850 1346 913; x_wconf 88' lang='lat' dir='ltr'>illorumque</span> <span class='ocrx_word' id='word_1_68' title='bbox 1388 856 1640 916; x_wconf 85' lang='lat' dir='ltr'>temporum</span> <span class='ocrx_word' id='word_1_69' title='bbox 1675 851 1895 914; x_wconf 87' lang='lat' dir='ltr'>caligine.</span> 
     </span>
     <span class='ocr_line' id='line_1_11' title="bbox 434 928 1895 995; baseline -0.002 -17"><span class='ocrx_word' id='word_1_70' title='bbox 434 928 662 978; x_wconf 75' lang='lat' dir='ltr'>Ecclesia</span> <span class='ocrx_word' id='word_1_71' title='bbox 696 929 838 993; x_wconf 88' lang='lat' dir='ltr'>igitur</span> <span class='ocrx_word' id='word_1_72' title='bbox 863 929 994 994; x_wconf 86' lang='lat' dir='ltr'>plura</span> <span class='ocrx_word' id='word_1_73' title='bbox 1030 929 1190 977; x_wconf 89' lang='lat' dir='ltr'>secula</span> <span class='ocrx_word' id='word_1_74' title='bbox 1225 929 1478 995; x_wconf 87' lang='lat' dir='ltr'>praeterire</span> <span class='ocrx_word' id='word_1_75' title='bbox 1500 945 1643 995; x_wconf 89' lang='lat' dir='ltr'>passa</span> <span class='ocrx_word' id='word_1_76' title='bbox 1667 935 1753 989; x_wconf 88' lang='lat' dir='ltr'>est,</span> <span class='ocrx_word' id='word_1_77' title='bbox 1791 929 1895 992; x_wconf 83' lang='lat' dir='ltr'>qui-</span> 
     </span>
     <span class='ocr_line' id='line_1_12' title="bbox 432 1007 1896 1073; baseline -0.001 -16"><span class='ocrx_word' id='word_1_78' title='bbox 432 1008 520 1057; x_wconf 87' lang='lat' dir='ltr'>bus</span> <span class='ocrx_word' id='word_1_79' title='bbox 556 1024 658 1056; x_wconf 90' lang='lat' dir='ltr'>cum</span> <span class='ocrx_word' id='word_1_80' title='bbox 693 1007 843 1073; x_wconf 87' lang='lat' dir='ltr'>ipsius</span> <span class='ocrx_word' id='word_1_81' title='bbox 878 1008 1046 1073; x_wconf 90' lang='lat' dir='ltr'>probro</span> <span class='ocrx_word' id='word_1_82' title='bbox 1079 1014 1216 1070; x_wconf 88' lang='lat' dir='ltr'>atque</span> <span class='ocrx_word' id='word_1_83' title='bbox 1244 1007 1493 1068; x_wconf 76' lang='lat' dir='ltr'><strong>dedecore,</strong></span> <span class='ocrx_word' id='word_1_84' title='bbox 1529 1008 1896 1071; x_wconf 87' lang='lat' dir='ltr'>ingravescente</span> 
     </span>
     <span class='ocr_line' id='line_1_13' title="bbox 431 1085 1895 1151; baseline -0.001 -17"><span class='ocrx_word' id='word_1_85' title='bbox 431 1086 607 1134; x_wconf 88' lang='lat' dir='ltr'>romani</span> <span class='ocrx_word' id='word_1_86' title='bbox 643 1085 879 1151; x_wconf 88' lang='lat' dir='ltr'>pontificis</span> <span class='ocrx_word' id='word_1_87' title='bbox 916 1085 1225 1134; x_wconf 74' lang='lat' dir='ltr'>dominatione</span> <span class='ocrx_word' id='word_1_88' title='bbox 1259 1086 1584 1149; x_wconf 82' lang='lat' dir='ltr'>literarumque</span> <span class='ocrx_word' id='word_1_89' title='bbox 1604 1085 1773 1134; x_wconf 90' lang='lat' dir='ltr'>studiis</span> <span class='ocrx_word' id='word_1_90' title='bbox 1795 1103 1895 1135; x_wconf 91' lang='lat' dir='ltr'>om-</span> 
     </span>
     <span class='ocr_line' id='line_1_14' title="bbox 431 1158 1895 1230; baseline 0 -19"><span class='ocrx_word' id='word_1_91' title='bbox 431 1164 542 1212; x_wconf 92' lang='lat' dir='ltr'>nino</span> <span class='ocrx_word' id='word_1_92' title='bbox 577 1165 810 1228; x_wconf 75' lang='lat' dir='ltr'>neglectis</span> <span class='ocrx_word' id='word_1_93' title='bbox 847 1181 903 1213; x_wconf 87' lang='lat' dir='ltr'>ac</span> <span class='ocrx_word' id='word_1_94' title='bbox 938 1158 1199 1230; x_wconf 84' lang='lat' dir='ltr'>prostratis,</span> <span class='ocrx_word' id='word_1_95' title='bbox 1227 1164 1457 1213; x_wconf 87' lang='lat' dir='ltr'>literarum</span> <span class='ocrx_word' id='word_1_96' title='bbox 1496 1181 1677 1228; x_wconf 88' lang='lat' dir='ltr'>quoque</span> <span class='ocrx_word' id='word_1_97' title='bbox 1706 1165 1895 1214; x_wconf 89' lang='lat' dir='ltr'>hebrai-</span> 
     </span>
     <span class='ocr_line' id='line_1_15' title="bbox 432 1242 1895 1292; baseline 0 0"><span class='ocrx_word' id='word_1_98' title='bbox 432 1259 588 1292; x_wconf 73' lang='lat' dir='ltr'>carinn</span> <span class='ocrx_word' id='word_1_99' title='bbox 623 1243 843 1291; x_wconf 87' lang='lat' dir='ltr'>memoria</span> <span class='ocrx_word' id='word_1_100' title='bbox 879 1244 1054 1291; x_wconf 84' lang='lat' dir='ltr'>sensim</span> <span class='ocrx_word' id='word_1_101' title='bbox 1090 1244 1337 1291; x_wconf 87' lang='lat' dir='ltr'>obscurata</span> <span class='ocrx_word' id='word_1_102' title='bbox 1369 1249 1443 1291; x_wconf 81' lang='lat' dir='ltr'>est</span> <span class='ocrx_word' id='word_1_103' title='bbox 1471 1253 1518 1291; x_wconf 87' lang='lat' dir='ltr'>et</span> <span class='ocrx_word' id='word_1_104' title='bbox 1542 1243 1744 1291; x_wconf 83' lang='lat' dir='ltr'>evanuit.</span> <span class='ocrx_word' id='word_1_105' title='bbox 1791 1242 1895 1292; x_wconf 81' lang='lat' dir='ltr'>Sed</span> 
     </span>
     <span class='ocr_line' id='line_1_16' title="bbox 429 1320 1895 1387; baseline 0 -17"><span class='ocrx_word' id='word_1_106' title='bbox 429 1326 585 1370; x_wconf 79' lang='lat' dir='ltr'>tamen</span> <span class='ocrx_word' id='word_1_107' title='bbox 608 1322 687 1370; x_wconf 79' lang='lat' dir='ltr'>vel</span> <span class='ocrx_word' id='word_1_108' title='bbox 705 1321 753 1368; x_wconf 90' lang='lat' dir='ltr'>in</span> <span class='ocrx_word' id='word_1_109' title='bbox 773 1320 848 1368; x_wconf 89' lang='lat' dir='ltr'>his</span> <span class='ocrx_word' id='word_1_110' title='bbox 870 1321 1055 1369; x_wconf 86' lang='lat' dir='ltr'>miseris</span> <span class='ocrx_word' id='word_1_111' title='bbox 1075 1322 1396 1385; x_wconf 85' lang='lat' dir='ltr'>luctuosisque</span> <span class='ocrx_word' id='word_1_112' title='bbox 1416 1321 1699 1387; x_wconf 79' lang='lat' dir='ltr'>temporibus</span> <span class='ocrx_word' id='word_1_113' title='bbox 1722 1322 1895 1385; x_wconf 75' lang='lat' dir='ltr'>aliquot</span> 
     </span>
     <span class='ocr_line' id='line_1_17' title="bbox 429 1400 1895 1464; baseline -0.001 -14"><span class='ocrx_word' id='word_1_114' title='bbox 429 1400 730 1450; x_wconf 81' lang='lat' dir='ltr'>incrementis</span> <span class='ocrx_word' id='word_1_115' title='bbox 756 1406 893 1449; x_wconf 90' lang='lat' dir='ltr'>aucta</span> <span class='ocrx_word' id='word_1_116' title='bbox 920 1407 993 1448; x_wconf 85' lang='lat' dir='ltr'>est</span> <span class='ocrx_word' id='word_1_117' title='bbox 1023 1400 1210 1464; x_wconf 81' lang='lat' dir='ltr'>linguae</span> <span class='ocrx_word' id='word_1_118' title='bbox 1238 1400 1489 1449; x_wconf 85' lang='lat' dir='ltr'>hebraicae</span> <span class='ocrx_word' id='word_1_119' title='bbox 1518 1400 1565 1447; x_wconf 94' lang='lat' dir='ltr'>in</span> <span class='ocrx_word' id='word_1_120' title='bbox 1587 1400 1792 1448; x_wconf 90' lang='lat' dir='ltr'>ecclesia</span> <span class='ocrx_word' id='word_1_121' title='bbox 1810 1416 1895 1448; x_wconf 91' lang='lat' dir='ltr'>co-</span> 
     </span>
     <span class='ocr_line' id='line_1_18' title="bbox 429 1478 1895 1544; baseline 0 -18"><span class='ocrx_word' id='word_1_122' title='bbox 429 1479 581 1544; x_wconf 83' lang='lat' dir='ltr'>gnitio</span> <span class='ocrx_word' id='word_1_123' title='bbox 603 1485 738 1542; x_wconf 89' lang='lat' dir='ltr'>atque</span> <span class='ocrx_word' id='word_1_124' title='bbox 757 1478 968 1526; x_wconf 88' lang='lat' dir='ltr'>scientia.</span> <span class='ocrx_word' id='word_1_125' title='bbox 1006 1479 1133 1526; x_wconf 86' lang='lat' dir='ltr'>Nam</span> <span class='ocrx_word' id='word_1_126' title='bbox 1155 1479 1330 1527; x_wconf 84' lang='lat' dir='ltr'>seculis</span> <span class='ocrx_word' id='word_1_127' title='bbox 1353 1478 1521 1528; x_wconf 84' lang='lat' dir='ltr'>abhinc</span> <span class='ocrx_word' id='word_1_128' title='bbox 1540 1479 1605 1526; x_wconf 87' lang='lat' dir='ltr'>X.</span> <span class='ocrx_word' id='word_1_129' title='bbox 1631 1485 1678 1527; x_wconf 86' lang='lat' dir='ltr'>et</span> <span class='ocrx_word' id='word_1_130' title='bbox 1698 1478 1787 1526; x_wconf 88' lang='lat' dir='ltr'>XI.</span> <span class='ocrx_word' id='word_1_131' title='bbox 1808 1478 1895 1526; x_wconf 90' lang='lat' dir='ltr'>ad-</span> 
     </span>
    </p>
   </div>
   <div class='ocr_carea' id='block_1_3' title="bbox 429 1556 1895 1622">
    <p class='ocr_par' dir='ltr' id='par_1_3' title="bbox 429 1556 1895 1622">
     <span class='ocr_line' id='line_1_19' title="bbox 429 1556 1895 1622; baseline -0.001 -16"><span class='ocrx_word' id='word_1_132' title='bbox 429 1558 625 1607; x_wconf 87' lang='lat' dir='ltr'>mirabili</span> <span class='ocrx_word' id='word_1_133' title='bbox 665 1556 860 1622; x_wconf 87' lang='lat' dir='ltr'>quadam</span> <span class='ocrx_word' id='word_1_134' title='bbox 903 1557 1248 1606; x_wconf 84' lang='lat' dir='ltr'>continuatione</span> <span class='ocrx_word' id='word_1_135' title='bbox 1294 1558 1508 1620; x_wconf 84' lang='lat' dir='ltr'>serieque</span> <span class='ocrx_word' id='word_1_136' title='bbox 1550 1574 1700 1606; x_wconf 84' lang='lat' dir='ltr'>rerum</span> <span class='ocrx_word' id='word_1_137' title='bbox 1745 1557 1895 1622; x_wconf 85' lang='lat' dir='ltr'>impo-</span> 
     </span>
    </p>
   </div>
   <div class='ocr_carea' id='block_1_4' title="bbox 432 1635 1896 1699">
    <p class='ocr_par' dir='ltr' id='par_1_4' title="bbox 432 1635 1896 1699">
     <span class='ocr_line' id='line_1_20' title="bbox 432 1635 1896 1699; baseline -0.001 -14"><span class='ocrx_word' id='word_1_138' title='bbox 432 1637 523 1686; x_wconf 87' lang='lat' dir='ltr'>sita</span> <span class='ocrx_word' id='word_1_139' title='bbox 560 1642 634 1685; x_wconf 87' lang='lat' dir='ltr'>est</span> <span class='ocrx_word' id='word_1_140' title='bbox 670 1635 905 1685; x_wconf 85' lang='lat' dir='ltr'>ecclesiae</span> <span class='ocrx_word' id='word_1_141' title='bbox 941 1637 1220 1695; x_wconf 77' lang='lat' dir='ltr'>necessitas,</span> <span class='ocrx_word' id='word_1_142' title='bbox 1256 1642 1306 1684; x_wconf 85' lang='lat' dir='ltr'>ut</span> <span class='ocrx_word' id='word_1_143' title='bbox 1339 1636 1539 1696; x_wconf 77' lang='lat' dir='ltr'>videret,</span> <span class='ocrx_word' id='word_1_144' title='bbox 1575 1652 1636 1684; x_wconf 91' lang='lat' dir='ltr'>ne</span> <span class='ocrx_word' id='word_1_145' title='bbox 1671 1635 1780 1699; x_wconf 88' lang='lat' dir='ltr'>quid</span> <span class='ocrx_word' id='word_1_146' title='bbox 1809 1652 1896 1684; x_wconf 86' lang='lat' dir='ltr'>sua</span> 
     </span>
    </p>
   </div>
   <div class='ocr_carea' id='block_1_5' title="bbox 429 1713 1956 1860">
    <p class='ocr_par' dir='ltr' id='par_1_5' title="bbox 429 1713 1956 1860">
     <span class='ocr_line' id='line_1_21' title="bbox 429 1713 1956 1780; baseline -0.001 -16"><span class='ocrx_word' id='word_1_147' title='bbox 429 1715 720 1764; x_wconf 75' lang='lat' dir='ltr'>orientalilnn</span> <span class='ocrx_word' id='word_1_148' title='bbox 739 1713 972 1762; x_wconf 90' lang='lat' dir='ltr'>literarum</span> <span class='ocrx_word' id='word_1_149' title='bbox 994 1714 1180 1762; x_wconf 83' lang='lat' dir='ltr'>inscitia</span> <span class='ocrx_word' id='word_1_150' title='bbox 1199 1714 1461 1763; x_wconf 87' lang='lat' dir='ltr'>detrimenti</span> <span class='ocrx_word' id='word_1_151' title='bbox 1480 1722 1682 1780; x_wconf 87' lang='lat' dir='ltr'>caperet.</span> <span class='ocrx_word' id='word_1_152' title='bbox 1719 1714 1894 1775; x_wconf 85' lang='lat' dir='ltr'>Mauri,</span> <span class='ocrx_word' id='word_1_153' title='bbox 1954 1766 1956 1774; x_wconf 34' lang='lat'><strong>¹</strong></span> 
     </span>
     <span class='ocr_line' id='line_1_22' title="bbox 431 1779 1956 1860; baseline -0.003 -15"><span class='ocrx_word' id='word_1_154' title='bbox 431 1792 776 1845; x_wconf 84' lang='lat' dir='ltr'>Saracenorum</span> <span class='ocrx_word' id='word_1_155' title='bbox 811 1794 1080 1859; x_wconf 86' lang='lat' dir='ltr'>progenies,</span> <span class='ocrx_word' id='word_1_156' title='bbox 1117 1793 1435 1842; x_wconf 88' lang='lat' dir='ltr'>muhamedica</span> <span class='ocrx_word' id='word_1_157' title='bbox 1455 1793 1789 1860; x_wconf 85' lang='lat' dir='ltr'>superstitione</span> <span class='ocrx_word' id='word_1_158' title='bbox 1810 1794 1895 1841; x_wconf 91' lang='lat' dir='ltr'>ob-</span> <span class='ocrx_word' id='word_1_159' title='bbox 1954 1779 1956 1835; x_wconf 55' lang='lat'><em>2</em></span> 
     </span>
    </p>
   </div>
   <div class='ocr_carea' id='block_1_6' title="bbox 429 1871 1956 1939">
    <p class='ocr_par' dir='ltr' id='par_1_6' title="bbox 429 1871 1956 1939">
     <span class='ocr_line' id='line_1_23' title="bbox 429 1871 1956 1939; baseline -0.001 -20"><span class='ocrx_word' id='word_1_160' title='bbox 429 1872 615 1932; x_wconf 84' lang='lat' dir='ltr'>stricta,</span> <span class='ocrx_word' id='word_1_161' title='bbox 664 1874 763 1936; x_wconf 87' lang='lat' dir='ltr'>jam</span> <span class='ocrx_word' id='word_1_162' title='bbox 820 1871 898 1919; x_wconf 89' lang='lat' dir='ltr'>diu</span> <span class='ocrx_word' id='word_1_163' title='bbox 941 1873 1215 1938; x_wconf 85' lang='lat' dir='ltr'>Hispaniam</span> <span class='ocrx_word' id='word_1_164' title='bbox 1260 1879 1606 1938; x_wconf 80' lang='lat' dir='ltr'>occupaverant</span> <span class='ocrx_word' id='word_1_165' title='bbox 1649 1889 1706 1922; x_wconf 84' lang='lat' dir='ltr'>ac</span> <span class='ocrx_word' id='word_1_166' title='bbox 1749 1888 1895 1939; x_wconf 89' lang='lat' dir='ltr'>prope</span> <span class='ocrx_word' id='word_1_167' title='bbox 1954 1895 1956 1918; x_wconf 84' lang='grc'><em>;</em></span> 
     </span>
    </p>
   </div>
   <div class='ocr_carea' id='block_1_7' title="bbox 428 1949 1894 2017">
    <p class='ocr_par' dir='ltr' id='par_1_7' title="bbox 428 1949 1894 2017">
     <span class='ocr_line' id='line_1_24' title="bbox 428 1949 1894 2017; baseline 0.001 -18"><span class='ocrx_word' id='word_1_168' title='bbox 428 1950 477 1999; x_wconf 89' lang='lat' dir='ltr'>in</span> <span class='ocrx_word' id='word_1_169' title='bbox 532 1968 661 1999; x_wconf 86' lang='lat' dir='ltr'>suam</span> <span class='ocrx_word' id='word_1_170' title='bbox 720 1949 940 1999; x_wconf 88' lang='lat' dir='ltr'>ditionem</span> <span class='ocrx_word' id='word_1_171' title='bbox 984 1967 1041 1999; x_wconf 88' lang='lat' dir='ltr'>ac</span> <span class='ocrx_word' id='word_1_172' title='bbox 1083 1958 1362 2017; x_wconf 89' lang='lat' dir='ltr'>potestatem</span> <span class='ocrx_word' id='word_1_173' title='bbox 1405 1951 1701 2015; x_wconf 79' lang='lat' dir='ltr'>redegerant.</span> <span class='ocrx_word' id='word_1_174' title='bbox 1780 1951 1894 2000; x_wconf 89' lang='lat' dir='ltr'>Nec</span> 
     </span>
    </p>
   </div>
   <div class='ocr_carea' id='block_1_8' title="bbox 427 2029 1953 2253">
    <p class='ocr_par' dir='ltr' id='par_1_8' title="bbox 427 2029 1953 2253">
     <span class='ocr_line' id='line_1_25' title="bbox 427 2029 1953 2092; baseline 0 -14"><span class='ocrx_word' id='word_1_175' title='bbox 427 2029 580 2078; x_wconf 85' lang='lat' dir='ltr'>minus</span> <span class='ocrx_word' id='word_1_176' title='bbox 624 2029 795 2092; x_wconf 87' lang='lat' dir='ltr'>ingens</span> <span class='ocrx_word' id='word_1_177' title='bbox 841 2029 1129 2078; x_wconf 86' lang='lat' dir='ltr'>Judaeorum</span> <span class='ocrx_word' id='word_1_178' title='bbox 1173 2031 1402 2079; x_wconf 75' lang='lat' dir='ltr'>colluvies</span> <span class='ocrx_word' id='word_1_179' title='bbox 1446 2031 1556 2079; x_wconf 91' lang='lat' dir='ltr'>inde</span> <span class='ocrx_word' id='word_1_180' title='bbox 1599 2032 1656 2079; x_wconf 90' lang='lat' dir='ltr'>ab</span> <span class='ocrx_word' id='word_1_181' title='bbox 1690 2029 1894 2078; x_wconf 90' lang='lat' dir='ltr'>Adriani</span> <span class='ocrx_word' id='word_1_182' title='bbox 1952 2067 1953 2070; x_wconf 18' lang='grc' dir='ltr'>η</span> 
     </span>
     <span class='ocr_line' id='line_1_26' title="bbox 427 2108 1953 2175; baseline 0.001 -19"><span class='ocrx_word' id='word_1_183' title='bbox 427 2108 712 2174; x_wconf 75' lang='lat' dir='ltr'>temporibus</span> <span class='ocrx_word' id='word_1_184' title='bbox 758 2108 819 2156; x_wconf 89' lang='lat' dir='ltr'>ad</span> <span class='ocrx_word' id='word_1_185' title='bbox 853 2109 1095 2175; x_wconf 84' lang='lat' dir='ltr'>Hispanos</span> <span class='ocrx_word' id='word_1_186' title='bbox 1143 2108 1297 2157; x_wconf 84' lang='lat' dir='ltr'>delata</span> <span class='ocrx_word' id='word_1_187' title='bbox 1347 2117 1469 2170; x_wconf 86' lang='lat' dir='ltr'>erat,</span> <span class='ocrx_word' id='word_1_188' title='bbox 1508 2126 1696 2173; x_wconf 89' lang='lat' dir='ltr'>quorum</span> <span class='ocrx_word' id='word_1_189' title='bbox 1730 2125 1894 2157; x_wconf 89' lang='lat' dir='ltr'>nume-</span> <span class='ocrx_word' id='word_1_190' title='bbox 1951 2115 1953 2121; x_wconf 81' lang='lat'><em>&#39;</em></span> 
     </span>
     <span class='ocr_line' id='line_1_27' title="bbox 427 2186 1953 2253; baseline 0 -18"><span class='ocrx_word' id='word_1_191' title='bbox 427 2204 508 2235; x_wconf 88' lang='lat' dir='ltr'>rus</span> <span class='ocrx_word' id='word_1_192' title='bbox 554 2186 708 2234; x_wconf 88' lang='lat' dir='ltr'>indies</span> <span class='ocrx_word' id='word_1_193' title='bbox 755 2188 1011 2250; x_wconf 84' lang='lat' dir='ltr'>augebatur</span> <span class='ocrx_word' id='word_1_194' title='bbox 1046 2187 1251 2236; x_wconf 79' lang='lat' dir='ltr'>adventu</span> <span class='ocrx_word' id='word_1_195' title='bbox 1284 2189 1489 2247; x_wconf 84' lang='lat' dir='ltr'>illorum,</span> <span class='ocrx_word' id='word_1_196' title='bbox 1536 2188 1611 2251; x_wconf 91' lang='lat' dir='ltr'>qui</span> <span class='ocrx_word' id='word_1_197' title='bbox 1646 2188 1894 2253; x_wconf 74' lang='lat' dir='ltr'>babyloni·</span> <span class='ocrx_word' id='word_1_198' title='bbox 1951 2198 1953 2202; x_wconf 89' lang='grc'><strong>’</strong></span> 
     </span>
    </p>
   </div>
   <div class='ocr_carea' id='block_1_9' title="bbox 428 2265 1950 2411">
    <p class='ocr_par' dir='ltr' id='par_1_9' title="bbox 428 2265 1950 2411">
     <span class='ocr_line' id='line_1_28' title="bbox 429 2265 1950 2335; baseline 0.001 -22"><span class='ocrx_word' id='word_1_199' title='bbox 429 2266 502 2314; x_wconf 88' lang='lat' dir='ltr'>cis</span> <span class='ocrx_word' id='word_1_200' title='bbox 550 2265 693 2328; x_wconf 76' lang='lat' dir='ltr'>eJ&#39;ecti</span> <span class='ocrx_word' id='word_1_201' title='bbox 730 2265 924 2314; x_wconf 82' lang='lat' dir='ltr'>sedibus</span> <span class='ocrx_word' id='word_1_202' title='bbox 960 2267 1006 2314; x_wconf 90' lang='lat' dir='ltr'>in</span> <span class='ocrx_word' id='word_1_203' title='bbox 1044 2267 1319 2332; x_wconf 81' lang='lat' dir='ltr'>Hispaniam</span> <span class='ocrx_word' id='word_1_204' title='bbox 1354 2267 1687 2330; x_wconf 88' lang='lat' dir='ltr'>immigrabant.</span> <span class='ocrx_word' id='word_1_205' title='bbox 1758 2267 1892 2315; x_wconf 87' lang='lat' dir='ltr'>Utri-</span> <span class='ocrx_word' id='word_1_206' title='bbox 1948 2330 1950 2335; x_wconf 91' lang='lat'><em>.</em></span> 
     </span>
     <span class='ocr_line' id='line_1_29' title="bbox 428 2343 1950 2411; baseline 0.001 -21"><span class='ocrx_word' id='word_1_207' title='bbox 428 2359 543 2407; x_wconf 89' lang='lat' dir='ltr'>que,</span> <span class='ocrx_word' id='word_1_208' title='bbox 589 2343 869 2392; x_wconf 81' lang='lat' dir='ltr'>intermissis</span> <span class='ocrx_word' id='word_1_209' title='bbox 915 2361 972 2394; x_wconf 86' lang='lat' dir='ltr'>ac</span> <span class='ocrx_word' id='word_1_210' title='bbox 1005 2345 1151 2394; x_wconf 80' lang='lat' dir='ltr'>ferme</span> <span class='ocrx_word' id='word_1_211' title='bbox 1187 2346 1382 2411; x_wconf 84' lang='lat' dir='ltr'>sepultis</span> <span class='ocrx_word' id='word_1_212' title='bbox 1417 2346 1465 2393; x_wconf 91' lang='lat' dir='ltr'>in</span> <span class='ocrx_word' id='word_1_213' title='bbox 1502 2345 1707 2394; x_wconf 85' lang='lat' dir='ltr'>ecclesia</span> <span class='ocrx_word' id='word_1_214' title='bbox 1742 2345 1891 2394; x_wconf 87' lang='lat' dir='ltr'>omni-</span> <span class='ocrx_word' id='word_1_215' title='bbox 1948 2379 1950 2383; x_wconf 26' lang='lat' dir='ltr'>r</span> 
     </span>
    </p>
   </div>
   <div class='ocr_carea' id='block_1_10' title="bbox 427 2421 1891 2487">
    <p class='ocr_par' dir='ltr' id='par_1_10' title="bbox 427 2421 1891 2487">
     <span class='ocr_line' id='line_1_30' title="bbox 427 2421 1891 2487; baseline 0 -16"><span class='ocrx_word' id='word_1_216' title='bbox 427 2422 514 2471; x_wconf 87' lang='lat' dir='ltr'>bus</span> <span class='ocrx_word' id='word_1_217' title='bbox 558 2421 856 2470; x_wconf 89' lang='lat' dir='ltr'>humanitatis</span> <span class='ocrx_word' id='word_1_218' title='bbox 892 2424 1216 2487; x_wconf 86' lang='lat' dir='ltr'>literarumque</span> <span class='ocrx_word' id='word_1_219' title='bbox 1253 2424 1435 2483; x_wconf 87' lang='lat' dir='ltr'>studiis,</span> <span class='ocrx_word' id='word_1_220' title='bbox 1471 2429 1568 2471; x_wconf 87' lang='lat' dir='ltr'>tota</span> <span class='ocrx_word' id='word_1_221' title='bbox 1602 2429 1755 2471; x_wconf 85' lang='lat' dir='ltr'>mente</span> <span class='ocrx_word' id='word_1_222' title='bbox 1791 2440 1891 2472; x_wconf 90' lang='lat' dir='ltr'>om-</span> 
     </span>
    </p>
   </div>
   <div class='ocr_carea' id='block_1_11' title="bbox 427 2500 1949 2646">
    <p class='ocr_par' dir='ltr' id='par_1_11' title="bbox 427 2500 1949 2646">
     <span class='ocr_line' id='line_1_31' title="bbox 428 2500 1948 2566; baseline 0 -18"><span class='ocrx_word' id='word_1_223' title='bbox 428 2500 568 2564; x_wconf 90' lang='lat' dir='ltr'>nique</span> <span class='ocrx_word' id='word_1_224' title='bbox 603 2501 770 2548; x_wconf 86' lang='lat' dir='ltr'>virium</span> <span class='ocrx_word' id='word_1_225' title='bbox 817 2502 1113 2550; x_wconf 91' lang='lat' dir='ltr'>contentione</span> <span class='ocrx_word' id='word_1_226' title='bbox 1151 2502 1210 2550; x_wconf 88' lang='lat' dir='ltr'>ad</span> <span class='ocrx_word' id='word_1_227' title='bbox 1245 2503 1553 2566; x_wconf 75' lang='lat' dir='ltr'>theologiam,</span> <span class='ocrx_word' id='word_1_228' title='bbox 1599 2501 1888 2562; x_wconf 83' lang='lat' dir='ltr'>medicinam,</span> <span class='ocrx_word' id='word_1_229' title='bbox 1946 2559 1948 2561; x_wconf 12' lang='grc' dir='ltr'><strong><em>ι</em></strong></span> 
     </span>
     <span class='ocr_line' id='line_1_32' title="bbox 427 2579 1949 2646; baseline 0.004 -21"><span class='ocrx_word' id='word_1_230' title='bbox 427 2579 769 2646; x_wconf 85' lang='lat' dir='ltr'>philosophiam</span> <span class='ocrx_word' id='word_1_231' title='bbox 785 2580 1136 2645; x_wconf 87' lang='lat' dir='ltr'>linguarumque</span> <span class='ocrx_word' id='word_1_232' title='bbox 1156 2580 1393 2631; x_wconf 82' lang='lat' dir='ltr'>doctriuas</span> <span class='ocrx_word' id='word_1_233' title='bbox 1411 2582 1744 2631; x_wconf 86' lang='lat' dir='ltr'>incumbebant.</span> <span class='ocrx_word' id='word_1_234' title='bbox 1780 2581 1889 2631; x_wconf 83' lang='lat' dir='ltr'>Hoc</span> <span class='ocrx_word' id='word_1_235' title='bbox 1945 2579 1949 2636; x_wconf 57' lang='grc' dir='ltr'><strong><em>ἦ</em></strong></span> 
     </span>
    </p>
   </div>
   <div class='ocr_carea' id='block_1_12' title="bbox 544 2762 1945 2832">
    <p class='ocr_par' dir='ltr' id='par_1_12' title="bbox 544 2759 1946 2832">
     <span class='ocr_line' id='line_1_33' title="bbox 544 2762 1945 2832; baseline 0.001 -31"><span class='ocrx_word' id='word_1_236' title='bbox 544 2763 587 2814; x_wconf 86' lang='lat'>¹)</span> <span class='ocrx_word' id='word_1_237' title='bbox 619 2762 851 2811; x_wconf 80' lang='lat' dir='ltr'>Cuspinian.</span> <span class='ocrx_word' id='word_1_238' title='bbox 883 2764 931 2800; x_wconf 88' lang='lat' dir='ltr'>de</span> <span class='ocrx_word' id='word_1_239' title='bbox 962 2764 1198 2805; x_wconf 84' lang='lat' dir='ltr'>Caesaribus</span> <span class='ocrx_word' id='word_1_240' title='bbox 1227 2777 1267 2815; x_wconf 82' lang='lat' dir='ltr'>p.</span> <span class='ocrx_word' id='word_1_241' title='bbox 1298 2764 1395 2805; x_wconf 86' lang='grc'>419.</span> <span class='ocrx_word' id='word_1_242' title='bbox 1426 2766 1625 2816; x_wconf 85' lang='lat' dir='ltr'>Boxhorn,</span> <span class='ocrx_word' id='word_1_243' title='bbox 1655 2766 1756 2804; x_wconf 85' lang='lat' dir='ltr'>nist.</span> <span class='ocrx_word' id='word_1_244' title='bbox 1781 2764 1887 2805; x_wconf 86' lang='lat' dir='ltr'>Uni-</span> <span class='ocrx_word' id='word_1_245' title='bbox 1943 2818 1945 2832; x_wconf 49' lang='grc'>1</span> 
     </span>
    </p>
   </div>
   <div class='ocr_carea' id='block_1_13' title="bbox 427 2830 1323 2884">
    <p class='ocr_par' dir='ltr' id='par_1_13' title="bbox 427 2830 1323 2884">
     <span class='ocr_line' id='line_1_34' title="bbox 427 2830 1323 2884; baseline 0.007 -15"><span class='ocrx_word' id='word_1_246' title='bbox 427 2841 534 2870; x_wconf 76' lang='lat' dir='ltr'>verS.</span> <span class='ocrx_word' id='word_1_247' title='bbox 566 2842 606 2880; x_wconf 84' lang='lat' dir='ltr'>p.</span> <span class='ocrx_word' id='word_1_248' title='bbox 638 2830 735 2870; x_wconf 73' lang='lat'><strong>779.</strong></span> <span class='ocrx_word' id='word_1_249' title='bbox 770 2832 947 2870; x_wconf 61' lang='lat' dir='ltr'>(larionis</span> <span class='ocrx_word' id='word_1_250' title='bbox 979 2834 1123 2874; x_wconf 85' lang='lat' dir='ltr'>Chron.</span> <span class='ocrx_word' id='word_1_251' title='bbox 1153 2846 1194 2884; x_wconf 86' lang='lat' dir='ltr'>p.</span> <span class='ocrx_word' id='word_1_252' title='bbox 1224 2833 1323 2875; x_wconf 76' lang='lat'><strong>517.</strong></span> 
     </span>
    </p>
   </div>
  </div>
 </body>
</html>
