1934 3259
770 786 839 839 11.

49 981 129 1026 De
155 978 404 1040 singulis
431 980 678 1025 Psalmis
705 976 1018 1023 secundum
1044 977 1225 1037 legem
1253 974 1563 1035 analogiae

50 1084 200 1128 inter
249 1097 308 1127 se
356 1081 642 1126 connexis
685 1086 742 1124 et
785 1079 1175 1124 consectariis
1222 1078 1446 1140 aliquot
1490 1093 1559 1123 ex

392 1181 649 1229 inventa
686 1181 815 1241 lege
853 1178 1228 1240 colligendis.

160 1392 239 1445 Ex
260 1408 328 1452 iis,
356 1419 452 1454 quae
472 1406 594 1442 adhuc
615 1408 791 1454 exposita
811 1412 919 1452 sunt,
946 1406 1210 1454 perspeximus
1237 1406 1433 1453 primum
1460 1403 1546 1440 Psal

49 1486 143 1519 mos,
176 1475 268 1509 licet
286 1475 465 1510 universe
487 1480 524 1509 et
541 1475 757 1524 generatim
777 1474 938 1522 spectati
959 1473 1147 1521 quendam
1171 1472 1487 1523 chronologicum
1505 1485 1567 1507 or-

0 1540 1 1572 ἶ
49 1540 175 1576 dinem
195 1540 417 1586 ostendant,
446 1548 573 1576 tamen
599 1543 773 1592 singulos
800 1541 1009 1577 secundum
1029 1547 1245 1588 temporum
1265 1540 1439 1576 ordinem
1460 1540 1567 1589 dige—

0 1598 2 1658 ξ
49 1613 125 1643 stos
147 1621 220 1643 non
242 1619 345 1655 esse,
378 1608 549 1643 deinde
577 1621 658 1645 esse
683 1608 837 1657 quidem
864 1607 1055 1653 Psalmos,
1089 1609 1154 1655 qui
1182 1607 1229 1643 ad
1256 1607 1408 1643 eosdem
1436 1613 1568 1642 aucto-

0 1680 2 1720 !
48 1687 107 1710 res
138 1681 175 1710 et
205 1675 251 1710 ad
281 1675 383 1710 idem
412 1677 623 1711 carminum
655 1688 776 1726 genus
808 1675 1046 1721 referantur,
1084 1676 1294 1710 acervatim
1327 1677 1568 1722 conjunctos,

0 1724 4 1807 ᾖ
48 1741 111 1778 sed
131 1741 228 1778 hanc
249 1744 423 1793 regulam
445 1749 522 1778 tam
543 1743 687 1779 crebris
707 1744 802 1778 locis
820 1744 1015 1790 perrumpi
1037 1755 1080 1777 ac
1104 1743 1248 1787 deseri,
1276 1749 1318 1777 ut
1338 1741 1568 1778 Psalterium

1 1817 4 1851 ξ
49 1821 168 1857 neque
196 1810 405 1845 secundum
431 1816 608 1846 auctores
636 1823 758 1858 neque
792 1810 1001 1846 secundum
1027 1822 1171 1859 genera
1196 1810 1437 1859 singulorum
1462 1808 1570 1845 Psal-

2 1883 5 1911 !
49 1889 195 1912 morum
215 1877 441 1925 dispositum
463 1891 544 1913 esse
565 1878 641 1913 dici
661 1884 796 1926 queam
823 1891 933 1928 ergo
947 1905 957 1923 ,
987 1890 1072 1912 cum
1092 1890 1167 1912 non
1187 1879 1238 1913 sit
1259 1883 1570 1918 consentaneum,

49 1942 276 1980 Psalterium
296 1958 451 1993 prorsus
473 1941 624 1981 ἄτακτον
641 1959 737 1991 esse,
770 1946 885 1980 aliam
908 1946 1033 1995 legem
1056 1951 1208 1980 exstare
1234 1950 1425 1993 oportere,
1458 1957 1570 1992 quam

51 2012 231 2047 collector
250 2013 290 2047 in
310 2010 473 2048 Psalmis
494 2014 562 2059 iis,
594 2014 659 2061 qui
685 2013 733 2048 ad
761 2012 913 2049 eosdem
933 2019 1110 2048 auctores
1131 2012 1337 2061 eademque
1359 2013 1569 2047 carminum

52 2091 191 2129 genera
215 2080 429 2127 pertinent,
461 2081 561 2116 inter
582 2086 702 2116 semet
720 2081 822 2128 ipsos
843 2087 880 2115 et
898 2081 938 2115 in
958 2078 1122 2116 Psalmis
1141 2081 1295 2115 omnino
1316 2079 1492 2115 omnibus
1514 2079 1571 2114 di-

52 2147 227 2195 gerendis
253 2153 405 2182 secutus
431 2148 499 2193 sit,
528 2160 641 2196 quam
669 2154 822 2183 secutus
849 2147 1023 2183 ordinem
1050 2154 1284 2194 temporum,
1313 2153 1514 2182 auctorum
1534 2154 1571 2181 et

53 2225 233 2263 generum
266 2215 508 2261 poeticorum
544 2216 605 2250 vel
637 2216 873 2250 musicorum
909 2215 1053 2262 passim
1084 2215 1312 2264 neglexerit.
1375 2213 1480 2249 Haec
1508 2215 1567 2249 lex

53 2291 125 2315 non
151 2287 278 2329 potest
303 2283 379 2317 alia
404 2295 486 2317 esse
513 2283 587 2317 nisi
614 2282 677 2316 lex
704 2281 1113 2332 homogeneitatis
1132 2283 1194 2317 vel
1219 2282 1473 2332 analogiae
1500 2283 1571 2317 in-

53 2352 216 2383 ternae
247 2344 289 2400 (a
309 2360 383 2397 qua
402 2348 754 2399 homogeneitatem
782 2355 1031 2384 externam
1058 2348 1093 2384 h.
1117 2362 1147 2383 e.
1176 2350 1447 2397 aequalitatem
1476 2355 1571 2384 tem-

54 2425 200 2461 porum,
221 2421 419 2451 auctorum
442 2422 479 2450 et
496 2429 681 2465 generum
702 2410 943 2464 poeticorum
962 2416 1256 2467 discernimus):
1284 2429 1398 2464 quam
1418 2416 1572 2464 quidem

55 2481 176 2532 legem
201 2495 222 2517 a
251 2483 457 2517 collectore
484 2483 726 2520 observatam
754 2497 836 2519 esse
866 2484 1014 2532 aliquot
1033 2484 1218 2531 exemplis
1240 2484 1455 2534 insignibus
1476 2496 1573 2532 quae

55 2549 93 2583 in
117 2550 247 2585 oculos
275 2550 477 2584 incurrunt
497 2551 607 2587 nobis
632 2553 688 2587 ita
713 2551 954 2599 comprobari
974 2551 1162 2595 vidimus,
1195 2559 1239 2586 ut
1264 2551 1353 2586 inde
1379 2552 1573 2600 conjicere

57 2615 181 2662 liceat,
202 2623 326 2652 totum
340 2615 571 2652 psalterium
591 2620 864 2655 convenienter
883 2617 973 2653 huic
995 2618 1072 2668 legi
1094 2618 1321 2666 dispositum
1341 2632 1433 2655 esse.
1466 2617 1573 2654 Haec

59 2685 277 2731 conjectura
298 2696 356 2728 e0,
375 2690 418 2719 ut
437 2684 617 2730 vidimus,
638 2687 834 2733 praeclare
856 2685 1118 2730 confirmatur,
1139 2686 1240 2733 quod
1258 2685 1421 2722 historia
1442 2688 1574 2722 litera-

57 2759 139 2784 rum
158 2749 425 2786 hebraicarum
446 2753 528 2799 ejus
549 2753 645 2801 legis
666 2754 861 2788 liberrime
882 2752 1076 2787 adhibitae
1097 2754 1292 2799 complura
1313 2755 1487 2801 exempla
1506 2767 1573 2789 no-

58 2814 113 2851 bis
132 2816 358 2864 suppeditat.

168 2881 374 2931 Reliquum
395 2890 465 2929 est,
486 2890 541 2929 ut,
561 2890 684 2920 totum
704 2884 935 2921 psalterium
954 2886 1274 2935 pervestigantes,
1298 2888 1474 2923 instituta
1495 2889 1573 2923 sin-

61 2949 235 2997 gulorum
252 2949 492 2987 Psalmorum
511 2952 611 2987 inter
630 2965 712 2988 sese
732 2954 952 2997 collatione,
974 2954 1225 3001 inquiramus,
1244 2967 1427 2990 verumne
1447 2968 1486 2990 se
1505 2966 1574 2989 no-

17 3048 19 3053 *
62 3012 118 3050 his
144 3017 275 3062 probet
300 3018 338 3052 id
365 3018 463 3065 quod
491 3018 614 3053 adhuc
646 3021 826 3065 opinione
846 3020 1033 3055 duntaxat
1053 3023 1229 3068 augurati
1251 3034 1391 3057 sumus.
1453 3021 1574 3062 Quem
