<?xml version="1.0" encoding="UTF-8"?>
<!DOCTYPE html PUBLIC "-//W3C//DTD XHTML 1.0 Transitional//EN"
    "http://www.w3.org/TR/xhtml1/DTD/xhtml1-transitional.dtd">
<html xmlns="http://www.w3.org/1999/xhtml" xml:lang="en" lang="en">
 <head>
  <title>
</title>
<meta http-equiv="Content-Type" content="text/html;charset=utf-8" />
  <meta name='ocr-system' content='tesseract 3.04.00' />
  <meta name='ocr-capabilities' content='ocr_page ocr_carea ocr_par ocr_line ocrx_word'/>
</head>
<body>
  <div class='ocr_page' id='page_1' title='image "./jesurunsiveprole00deliuoft/jesurunsiveprole00deliuoft_0059.png"; bbox 0 0 1934 3259; ppageno 0'>
   <div class='ocr_carea' id='block_1_1' title="bbox 634 105 933 151">
    <p class='ocr_par' dir='ltr' id='par_1_1' title="bbox 634 105 933 151">
     <span class='ocr_line' id='line_1_1' title="bbox 634 105 933 151; baseline 0.003 -11"><span class='ocrx_word' id='word_1_1' title='bbox 634 105 933 151; x_wconf 67' lang='grc'><strong>..29-</strong></span> 
     </span>
    </p>
   </div>
   <div class='ocr_carea' id='block_1_2' title="bbox 58 219 1581 763">
    <p class='ocr_par' dir='ltr' id='par_1_2' title="bbox 58 219 1581 763">
     <span class='ocr_line' id='line_1_2' title="bbox 62 219 1514 288; baseline -0.001 -13"><span class='ocrx_word' id='word_1_2' title='bbox 62 223 293 275; x_wconf 80' lang='lat' dir='ltr'>senium</span> <span class='ocrx_word' id='word_1_3' title='bbox 347 221 479 282; x_wconf 81' lang='lat' dir='ltr'>dieo,</span> <span class='ocrx_word' id='word_1_4' title='bbox 531 219 734 272; x_wconf 81' lang='lat' dir='ltr'>Herm.</span> <span class='ocrx_word' id='word_1_5' title='bbox 790 223 1171 288; x_wconf 76' lang='lat' dir='ltr'>Hupseldum</span> <span class='ocrx_word' id='word_1_6' title='bbox 1224 228 1272 274; x_wconf 85' lang='lat' dir='ltr'>et,</span> <span class='ocrx_word' id='word_1_7' title='bbox 1326 223 1514 274; x_wconf 78' lang='lat' dir='ltr'>Henr.</span> 
     </span>
     <span class='ocr_line' id='line_1_3' title="bbox 62 299 1516 367; baseline 0.001 -15"><span class='ocrx_word' id='word_1_8' title='bbox 62 303 243 353; x_wconf 79' lang='lat' dir='ltr'>Ewal</span> <span class='ocrx_word' id='word_1_9' title='bbox 251 302 285 350; x_wconf 80' lang='lat' dir='ltr'><em>d</em></span> <span class='ocrx_word' id='word_1_10' title='bbox 293 318 327 350; x_wconf 83' lang='lat' dir='ltr'>u</span> <span class='ocrx_word' id='word_1_11' title='bbox 339 320 398 350; x_wconf 82' lang='lat' dir='ltr'>m.</span> <span class='ocrx_word' id='word_1_12' title='bbox 469 299 707 350; x_wconf 76' lang='lat' dir='ltr'>Gesenius</span> <span class='ocrx_word' id='word_1_13' title='bbox 741 302 1100 366; x_wconf 82' lang='lat' dir='ltr'>grannnaticam,</span> <span class='ocrx_word' id='word_1_14' title='bbox 1137 320 1255 367; x_wconf 90' lang='lat' dir='ltr'>quae</span> <span class='ocrx_word' id='word_1_15' title='bbox 1290 310 1337 352; x_wconf 85' lang='lat' dir='ltr'>et</span> <span class='ocrx_word' id='word_1_16' title='bbox 1372 304 1516 354; x_wconf 78' lang='lat' dir='ltr'>sche-</span> 
     </span>
     <span class='ocr_line' id='line_1_4' title="bbox 61 369 1518 447; baseline -0.001 -16"><span class='ocrx_word' id='word_1_17' title='bbox 61 382 259 432; x_wconf 83' lang='lat' dir='ltr'>matismi</span> <span class='ocrx_word' id='word_1_18' title='bbox 306 369 618 447; x_wconf 78' lang='lat' dir='ltr'>iliipficatioile</span> <span class='ocrx_word' id='word_1_19' title='bbox 663 387 711 429; x_wconf 84' lang='lat' dir='ltr'>et</span> <span class='ocrx_word' id='word_1_20' title='bbox 763 380 986 429; x_wconf 84' lang='lat' dir='ltr'>dictionis</span> <span class='ocrx_word' id='word_1_21' title='bbox 1030 382 1282 447; x_wconf 78' lang='lat' dir='ltr'>asperitate</span> <span class='ocrx_word' id='word_1_22' title='bbox 1325 382 1518 432; x_wconf 85' lang='lat' dir='ltr'>discen-</span> 
     </span>
     <span class='ocr_line' id='line_1_5' title="bbox 62 459 1518 525; baseline 0.001 -15"><span class='ocrx_word' id='word_1_23' title='bbox 62 468 137 510; x_wconf 88' lang='lat' dir='ltr'>tes</span> <span class='ocrx_word' id='word_1_24' title='bbox 172 461 474 518; x_wconf 87' lang='lat' dir='ltr'>absterrebat,</span> <span class='ocrx_word' id='word_1_25' title='bbox 508 459 779 525; x_wconf 71' lang='lat' dir='ltr'><strong>planissime</strong></span> <span class='ocrx_word' id='word_1_26' title='bbox 815 459 1065 525; x_wconf 86' lang='lat' dir='ltr'>explicuit,</span> <span class='ocrx_word' id='word_1_27' title='bbox 1103 461 1343 508; x_wconf 87' lang='lat' dir='ltr'>confusam</span> <span class='ocrx_word' id='word_1_28' title='bbox 1378 469 1518 511; x_wconf 86' lang='lat' dir='ltr'>antea</span> 
     </span>
     <span class='ocr_line' id='line_1_6' title="bbox 58 537 1517 606; baseline 0.001 -19"><span class='ocrx_word' id='word_1_29' title='bbox 58 539 294 606; x_wconf 78' lang='lat' dir='ltr'>disposuit</span> <span class='ocrx_word' id='word_1_30' title='bbox 326 537 677 605; x_wconf 85' lang='lat' dir='ltr'>pellucidaeque</span> <span class='ocrx_word' id='word_1_31' title='bbox 714 537 937 586; x_wconf 89' lang='lat' dir='ltr'>orationis</span> <span class='ocrx_word' id='word_1_32' title='bbox 972 537 1142 586; x_wconf 90' lang='lat' dir='ltr'>lumine</span> <span class='ocrx_word' id='word_1_33' title='bbox 1178 540 1384 599; x_wconf 78' lang='lat' dir='ltr'>ornavit3</span> <span class='ocrx_word' id='word_1_34' title='bbox 1420 541 1517 606; x_wconf 85' lang='lat' dir='ltr'>pri-</span> 
     </span>
     <span class='ocr_line' id='line_1_7' title="bbox 62 616 1517 682; baseline 0 -16"><span class='ocrx_word' id='word_1_35' title='bbox 62 635 164 666; x_wconf 87' lang='lat' dir='ltr'>mus</span> <span class='ocrx_word' id='word_1_36' title='bbox 199 619 335 667; x_wconf 92' lang='lat' dir='ltr'>etiam</span> <span class='ocrx_word' id='word_1_37' title='bbox 368 616 569 665; x_wconf 81' lang='lat' dir='ltr'>sobriam</span> <span class='ocrx_word' id='word_1_38' title='bbox 604 616 834 680; x_wconf 85' lang='lat' dir='ltr'>latiusque</span> <span class='ocrx_word' id='word_1_39' title='bbox 869 622 1103 682; x_wconf 80' lang='lat' dir='ltr'>patentem</span> <span class='ocrx_word' id='word_1_40' title='bbox 1136 623 1393 665; x_wconf 88' lang='lat' dir='ltr'>ceterarum</span> <span class='ocrx_word' id='word_1_41' title='bbox 1427 619 1517 666; x_wconf 90' lang='lat' dir='ltr'>lin-</span> 
     </span>
     <span class='ocr_line' id='line_1_8' title="bbox 60 695 1581 763; baseline 0.001 -19"><span class='ocrx_word' id='word_1_42' title='bbox 60 713 253 761; x_wconf 78' lang='lat' dir='ltr'><strong>guarum</strong></span> <span class='ocrx_word' id='word_1_43' title='bbox 289 695 579 745; x_wconf 90' lang='lat' dir='ltr'>collationem</span> <span class='ocrx_word' id='word_1_44' title='bbox 614 695 826 754; x_wconf 84' lang='lat' dir='ltr'>instituit,</span> <span class='ocrx_word' id='word_1_45' title='bbox 864 712 974 758; x_wconf 92' lang='lat' dir='ltr'>qua,</span> <span class='ocrx_word' id='word_1_46' title='bbox 1011 711 1113 744; x_wconf 84' lang='lat' dir='ltr'>cum</span> <span class='ocrx_word' id='word_1_47' title='bbox 1154 695 1434 761; x_wconf 84' lang='lat' dir='ltr'>saepissime</span> <span class='ocrx_word' id='word_1_48' title='bbox 1469 698 1518 746; x_wconf 89' lang='lat' dir='ltr'>in</span> <span class='ocrx_word' id='word_1_49' title='bbox 1572 754 1581 763; x_wconf 20' lang='grc' dir='ltr'><strong>κ</strong></span> 
     </span>
    </p>
   </div>
   <div class='ocr_carea' id='block_1_3' title="bbox 62 774 1659 841">
    <p class='ocr_par' dir='ltr' id='par_1_3' title="bbox 62 774 1659 841">
     <span class='ocr_line' id='line_1_9' title="bbox 62 774 1659 841; baseline 0.001 -18"><span class='ocrx_word' id='word_1_50' title='bbox 62 791 246 824; x_wconf 87' lang='lat' dir='ltr'>errores</span> <span class='ocrx_word' id='word_1_51' title='bbox 279 774 518 834; x_wconf 74' lang='lat' dir='ltr'>inciderit,</span> <span class='ocrx_word' id='word_1_52' title='bbox 550 775 850 841; x_wconf 72' lang='lat' dir='ltr'>saepiuscule</span> <span class='ocrx_word' id='word_1_53' title='bbox 894 781 1047 822; x_wconf 88' lang='lat' dir='ltr'>tamen</span> <span class='ocrx_word' id='word_1_54' title='bbox 1090 774 1223 837; x_wconf 88' lang='lat' dir='ltr'>quasi</span> <span class='ocrx_word' id='word_1_55' title='bbox 1265 774 1517 824; x_wconf 76' lang='lat' dir='ltr'>futurorum</span> <span class='ocrx_word' id='word_1_56' title='bbox 1576 786 1659 841; x_wconf 35' lang='lat' dir='ltr'>sps</span> 
     </span>
    </p>
   </div>
   <div class='ocr_carea' id='block_1_4' title="bbox 29 852 1522 2890">
    <p class='ocr_par' dir='ltr' id='par_1_4' title="bbox 29 852 1522 2890">
     <span class='ocr_line' id='line_1_10' title="bbox 57 852 1520 920; baseline 0.001 -19"><span class='ocrx_word' id='word_1_57' title='bbox 57 853 260 917; x_wconf 81' lang='lat' dir='ltr'>quodam</span> <span class='ocrx_word' id='word_1_58' title='bbox 287 853 481 918; x_wconf 86' lang='lat' dir='ltr'>augurio</span> <span class='ocrx_word' id='word_1_59' title='bbox 516 870 631 901; x_wconf 76' lang='lat' dir='ltr'>vera</span> <span class='ocrx_word' id='word_1_60' title='bbox 664 852 920 920; x_wconf 59' lang='lat' dir='ltr'>praevidit,</span> <span class='ocrx_word' id='word_1_61' title='bbox 955 853 1127 919; x_wconf 87' lang='lat' dir='ltr'>primus</span> <span class='ocrx_word' id='word_1_62' title='bbox 1163 852 1211 900; x_wconf 87' lang='lat' dir='ltr'>iu</span> <span class='ocrx_word' id='word_1_63' title='bbox 1245 853 1520 918; x_wconf 87' lang='lat' dir='ltr'>lexicogra-</span> 
     </span>
     <span class='ocr_line' id='line_1_11' title="bbox 60 931 1522 998; baseline 0.001 -19"><span class='ocrx_word' id='word_1_64' title='bbox 60 932 214 998; x_wconf 83' lang='lat' dir='ltr'>phiam</span> <span class='ocrx_word' id='word_1_65' title='bbox 267 931 531 982; x_wconf 80' lang='lat' dir='ltr'>hebraicam</span> <span class='ocrx_word' id='word_1_66' title='bbox 584 949 728 980; x_wconf 87' lang='lat' dir='ltr'>ausus</span> <span class='ocrx_word' id='word_1_67' title='bbox 785 939 860 982; x_wconf 86' lang='lat' dir='ltr'>est</span> <span class='ocrx_word' id='word_1_68' title='bbox 909 932 1112 995; x_wconf 78' lang='lat' dir='ltr'>linguam</span> <span class='ocrx_word' id='word_1_69' title='bbox 1159 932 1522 992; x_wconf 70' lang='lat' dir='ltr'>sanseritam⁴</span> 
     </span>
     <span class='ocr_line' id='line_1_12' title="bbox 58 1010 1518 1079; baseline 0.002 -22"><span class='ocrx_word' id='word_1_70' title='bbox 58 1010 369 1079; x_wconf 64' lang='lat' dir='ltr'>introducere,</span> <span class='ocrx_word' id='word_1_71' title='bbox 416 1014 553 1076; x_wconf 86' lang='lat' dir='ltr'>cujus</span> <span class='ocrx_word' id='word_1_72' title='bbox 598 1010 769 1059; x_wconf 85' lang='lat' dir='ltr'>studiis</span> <span class='ocrx_word' id='word_1_73' title='bbox 826 1011 1160 1074; x_wconf 69' lang='lat' dir='ltr'>evigilantibus</span> <span class='ocrx_word' id='word_1_74' title='bbox 1204 1027 1373 1060; x_wconf 88' lang='lat' dir='ltr'>recens</span> <span class='ocrx_word' id='word_1_75' title='bbox 1415 1012 1518 1060; x_wconf 80' lang='lat' dir='ltr'>vita</span> 
     </span>
     <span class='ocr_line' id='line_1_13' title="bbox 59 1072 1518 1154; baseline 0.001 -17"><span class='ocrx_word' id='word_1_76' title='bbox 59 1106 152 1138; x_wconf 90' lang='lat' dir='ltr'>non</span> <span class='ocrx_word' id='word_1_77' title='bbox 204 1072 353 1138; x_wconf 64' lang='lat' dir='ltr'>solstin</span> <span class='ocrx_word' id='word_1_78' title='bbox 403 1090 658 1151; x_wconf 79' lang='lat' dir='ltr'>class-icas,</span> <span class='ocrx_word' id='word_1_79' title='bbox 712 1089 802 1138; x_wconf 83' lang='lat' dir='ltr'>sed</span> <span class='ocrx_word' id='word_1_80' title='bbox 858 1089 994 1138; x_wconf 88' lang='lat' dir='ltr'>etiam</span> <span class='ocrx_word' id='word_1_81' title='bbox 1047 1089 1287 1138; x_wconf 86' lang='lat' dir='ltr'>semiticas</span> <span class='ocrx_word' id='word_1_82' title='bbox 1330 1090 1518 1154; x_wconf 79' lang='lat' dir='ltr'>linguas</span> 
     </span>
     <span class='ocr_line' id='line_1_14' title="bbox 57 1168 1518 1235; baseline 0.001 -19"><span class='ocrx_word' id='word_1_83' title='bbox 57 1175 398 1234; x_wconf 84' lang='lat' dir='ltr'>penetraverat.</span> <span class='ocrx_word' id='word_1_84' title='bbox 482 1169 615 1218; x_wconf 87' lang='lat' dir='ltr'>Idem</span> <span class='ocrx_word' id='word_1_85' title='bbox 669 1184 698 1217; x_wconf 90' lang='lat' dir='ltr'>e</span> <span class='ocrx_word' id='word_1_86' title='bbox 760 1168 1121 1234; x_wconf 88' lang='lat' dir='ltr'>lexicographia</span> <span class='ocrx_word' id='word_1_87' title='bbox 1174 1168 1518 1235; x_wconf 85' lang='lat' dir='ltr'>philosophiam</span> 
     </span>
     <span class='ocr_line' id='line_1_15' title="bbox 55 1246 1518 1319; baseline 0 -23"><span class='ocrx_word' id='word_1_88' title='bbox 55 1248 340 1319; x_wconf 76' lang='lat' dir='ltr'>exturbavit,</span> <span class='ocrx_word' id='word_1_89' title='bbox 375 1265 509 1312; x_wconf 88' lang='lat' dir='ltr'>quam</span> <span class='ocrx_word' id='word_1_90' title='bbox 544 1256 697 1296; x_wconf 89' lang='lat' dir='ltr'>tamen</span> <span class='ocrx_word' id='word_1_91' title='bbox 733 1246 945 1305; x_wconf 79' lang='lat' dir='ltr'>subinde,</span> <span class='ocrx_word' id='word_1_92' title='bbox 983 1247 1286 1295; x_wconf 83' lang='lat' dir='ltr'>rationalismi</span> <span class='ocrx_word' id='word_1_93' title='bbox 1314 1265 1518 1314; x_wconf 85' lang='lat' dir='ltr'>persona</span> 
     </span>
     <span class='ocr_line' id='line_1_16' title="bbox 29 1325 1518 1392; baseline 0.001 -18"><span class='ocrx_word' id='word_1_94' title='bbox 29 1325 274 1387; x_wconf 62' lang='lat' dir='ltr'>indutam,</span> <span class='ocrx_word' id='word_1_95' title='bbox 311 1327 591 1392; x_wconf 88' lang='lat' dir='ltr'>postliminio</span> <span class='ocrx_word' id='word_1_96' title='bbox 626 1325 830 1376; x_wconf 82' lang='lat' dir='ltr'>rediisse</span> <span class='ocrx_word' id='word_1_97' title='bbox 864 1325 1075 1386; x_wconf 68' lang='lat' dir='ltr'>videbis,</span> <span class='ocrx_word' id='word_1_98' title='bbox 1112 1325 1250 1386; x_wconf 78' lang='lat' dir='ltr'>idem,</span> <span class='ocrx_word' id='word_1_99' title='bbox 1281 1327 1518 1376; x_wconf 86' lang='lat' dir='ltr'>erroribus</span> 
     </span>
     <span class='ocr_line' id='line_1_17' title="bbox 57 1404 1517 1471; baseline 0.002 -19"><span class='ocrx_word' id='word_1_100' title='bbox 57 1404 253 1453; x_wconf 87' lang='lat' dir='ltr'>scholae</span> <span class='ocrx_word' id='word_1_101' title='bbox 309 1405 544 1468; x_wconf 78' lang='lat' dir='ltr'>belgicae,</span> <span class='ocrx_word' id='word_1_102' title='bbox 592 1405 635 1452; x_wconf 91' lang='lat' dir='ltr'>si</span> <span class='ocrx_word' id='word_1_103' title='bbox 678 1421 770 1453; x_wconf 92' lang='lat' dir='ltr'>non</span> <span class='ocrx_word' id='word_1_104' title='bbox 817 1421 1001 1471; x_wconf 85' lang='lat' dir='ltr'>semper</span> <span class='ocrx_word' id='word_1_105' title='bbox 1047 1404 1319 1464; x_wconf 87' lang='lat' dir='ltr'>declinatis,</span> <span class='ocrx_word' id='word_1_106' title='bbox 1364 1412 1517 1455; x_wconf 88' lang='lat' dir='ltr'>tamen</span> 
     </span>
     <span class='ocr_line' id='line_1_18' title="bbox 56 1482 1518 1549; baseline 0.002 -19"><span class='ocrx_word' id='word_1_107' title='bbox 56 1482 324 1543; x_wconf 76' lang='lat' dir='ltr'>intellectis,</span> <span class='ocrx_word' id='word_1_108' title='bbox 360 1484 406 1531; x_wconf 92' lang='lat' dir='ltr'>in</span> <span class='ocrx_word' id='word_1_109' title='bbox 452 1484 610 1548; x_wconf 86' lang='lat' dir='ltr'>lingua</span> <span class='ocrx_word' id='word_1_110' title='bbox 646 1484 830 1532; x_wconf 90' lang='lat' dir='ltr'>arabica</span> <span class='ocrx_word' id='word_1_111' title='bbox 865 1483 1176 1549; x_wconf 84' lang='lat' dir='ltr'>comparanda</span> <span class='ocrx_word' id='word_1_112' title='bbox 1219 1484 1518 1533; x_wconf 81' lang='lat' dir='ltr'>mediocrita-</span> 
     </span>
     <span class='ocr_line' id='line_1_19' title="bbox 55 1562 1518 1628; baseline 0.003 -20"><span class='ocrx_word' id='word_1_113' title='bbox 55 1566 147 1609; x_wconf 88' lang='lat' dir='ltr'>tem</span> <span class='ocrx_word' id='word_1_114' title='bbox 182 1562 320 1621; x_wconf 86' lang='lat' dir='ltr'>illam,</span> <span class='ocrx_word' id='word_1_115' title='bbox 356 1578 472 1625; x_wconf 88' lang='lat' dir='ltr'>quae</span> <span class='ocrx_word' id='word_1_116' title='bbox 508 1569 582 1610; x_wconf 86' lang='lat' dir='ltr'>est</span> <span class='ocrx_word' id='word_1_117' title='bbox 604 1562 724 1611; x_wconf 86' lang='lat' dir='ltr'>inter</span> <span class='ocrx_word' id='word_1_118' title='bbox 760 1562 943 1610; x_wconf 84' lang='lat' dir='ltr'>nimium</span> <span class='ocrx_word' id='word_1_119' title='bbox 980 1569 1028 1610; x_wconf 90' lang='lat' dir='ltr'>et</span> <span class='ocrx_word' id='word_1_120' title='bbox 1060 1580 1232 1628; x_wconf 86' lang='lat' dir='ltr'>parum,</span> <span class='ocrx_word' id='word_1_121' title='bbox 1266 1570 1518 1612; x_wconf 89' lang='lat' dir='ltr'>consecta-</span> 
     </span>
     <span class='ocr_line' id='line_1_20' title="bbox 55 1640 1516 1704; baseline 0.002 -16"><span class='ocrx_word' id='word_1_122' title='bbox 55 1645 133 1688; x_wconf 77' lang='lat' dir='ltr'>tus</span> <span class='ocrx_word' id='word_1_123' title='bbox 169 1646 257 1700; x_wconf 81' lang='lat' dir='ltr'>est,</span> <span class='ocrx_word' id='word_1_124' title='bbox 294 1646 354 1699; x_wconf 83' lang='lat' dir='ltr'>et,</span> <span class='ocrx_word' id='word_1_125' title='bbox 391 1641 603 1704; x_wconf 87' lang='lat' dir='ltr'>quamvis</span> <span class='ocrx_word' id='word_1_126' title='bbox 634 1640 857 1704; x_wconf 85' lang='lat' dir='ltr'>judaicae</span> <span class='ocrx_word' id='word_1_127' title='bbox 892 1641 1128 1689; x_wconf 84' lang='lat' dir='ltr'>traditioni</span> <span class='ocrx_word' id='word_1_128' title='bbox 1143 1644 1277 1704; x_wconf 85' lang='lat' dir='ltr'>justo</span> <span class='ocrx_word' id='word_1_129' title='bbox 1300 1642 1516 1691; x_wconf 83' lang='lat' dir='ltr'>infestior</span> 
     </span>
     <span class='ocr_line' id='line_1_21' title="bbox 53 1719 1516 1783; baseline 0.001 -17"><span class='ocrx_word' id='word_1_130' title='bbox 53 1726 201 1778; x_wconf 83' lang='lat' dir='ltr'>esset,</span> <span class='ocrx_word' id='word_1_131' title='bbox 236 1720 376 1767; x_wconf 90' lang='lat' dir='ltr'>multa</span> <span class='ocrx_word' id='word_1_132' title='bbox 410 1727 561 1768; x_wconf 87' lang='lat' dir='ltr'>tamen</span> <span class='ocrx_word' id='word_1_133' title='bbox 596 1719 657 1768; x_wconf 86' lang='lat' dir='ltr'>de</span> <span class='ocrx_word' id='word_1_134' title='bbox 692 1719 822 1767; x_wconf 88' lang='lat' dir='ltr'>libris</span> <span class='ocrx_word' id='word_1_135' title='bbox 867 1720 1181 1783; x_wconf 85' lang='lat' dir='ltr'>grammaticis</span> <span class='ocrx_word' id='word_1_136' title='bbox 1225 1719 1516 1768; x_wconf 87' lang='lat' dir='ltr'>Judaeorum</span> 
     </span>
     <span class='ocr_line' id='line_1_22' title="bbox 56 1797 1517 1864; baseline 0.002 -19"><span class='ocrx_word' id='word_1_137' title='bbox 56 1798 242 1847; x_wconf 81' lang='lat' dir='ltr'>arabice</span> <span class='ocrx_word' id='word_1_138' title='bbox 277 1798 492 1864; x_wconf 89' lang='lat' dir='ltr'>scriptis,</span> <span class='ocrx_word' id='word_1_139' title='bbox 527 1798 828 1847; x_wconf 68' lang='lat' dir='ltr'>Abala-calidi</span> <span class='ocrx_word' id='word_1_140' title='bbox 869 1799 1181 1864; x_wconf 85' lang='lat' dir='ltr'>potissimum,</span> <span class='ocrx_word' id='word_1_141' title='bbox 1225 1797 1287 1845; x_wconf 88' lang='lat' dir='ltr'>ad</span> <span class='ocrx_word' id='word_1_142' title='bbox 1331 1799 1517 1848; x_wconf 86' lang='lat' dir='ltr'>lexico-</span> 
     </span>
     <span class='ocr_line' id='line_1_23' title="bbox 54 1876 1519 1943; baseline 0.003 -21"><span class='ocrx_word' id='word_1_143' title='bbox 54 1876 298 1942; x_wconf 84' lang='lat' dir='ltr'>graphiam</span> <span class='ocrx_word' id='word_1_144' title='bbox 332 1894 501 1941; x_wconf 86' lang='lat' dir='ltr'>magna</span> <span class='ocrx_word' id='word_1_145' title='bbox 537 1894 638 1927; x_wconf 91' lang='lat' dir='ltr'>cum</span> <span class='ocrx_word' id='word_1_146' title='bbox 674 1878 872 1925; x_wconf 89' lang='lat' dir='ltr'>utilitate</span> <span class='ocrx_word' id='word_1_147' title='bbox 914 1877 1151 1943; x_wconf 81' lang='lat' dir='ltr'>perduxit.</span> <span class='ocrx_word' id='word_1_148' title='bbox 1231 1877 1519 1943; x_wconf 76' lang='lat' dir='ltr'>Hupselclus</span> 
     </span>
     <span class='ocr_line' id='line_1_24' title="bbox 57 1954 1516 2022; baseline 0.002 -20"><span class='ocrx_word' id='word_1_149' title='bbox 57 1962 224 2015; x_wconf 81' lang='lat' dir='ltr'>autem,</span> <span class='ocrx_word' id='word_1_150' title='bbox 259 1971 361 2003; x_wconf 90' lang='lat' dir='ltr'>cum</span> <span class='ocrx_word' id='word_1_151' title='bbox 397 1957 783 2022; x_wconf 76' lang='lat' dir='ltr'>comparationem</span> <span class='ocrx_word' id='word_1_152' title='bbox 830 1957 1090 2020; x_wconf 88' lang='lat' dir='ltr'>linguarum</span> <span class='ocrx_word' id='word_1_153' title='bbox 1142 1954 1294 2005; x_wconf 89' lang='lat' dir='ltr'>adhuc</span> <span class='ocrx_word' id='word_1_154' title='bbox 1346 1958 1516 2020; x_wconf 73' lang='lat' dir='ltr'>conJe-</span> 
     </span>
     <span class='ocr_line' id='line_1_25' title="bbox 56 2034 1515 2098; baseline 0.001 -16"><span class='ocrx_word' id='word_1_155' title='bbox 56 2039 192 2082; x_wconf 86' lang='lat' dir='ltr'>ctura</span> <span class='ocrx_word' id='word_1_156' title='bbox 227 2034 400 2098; x_wconf 84' lang='lat' dir='ltr'>magis,</span> <span class='ocrx_word' id='word_1_157' title='bbox 436 2051 568 2098; x_wconf 86' lang='lat' dir='ltr'>quam</span> <span class='ocrx_word' id='word_1_158' title='bbox 605 2035 939 2084; x_wconf 84' lang='lat' dir='ltr'>consecutione</span> <span class='ocrx_word' id='word_1_159' title='bbox 973 2035 1123 2083; x_wconf 87' lang='lat' dir='ltr'>nisam</span> <span class='ocrx_word' id='word_1_160' title='bbox 1158 2051 1271 2083; x_wconf 87' lang='grc'><strong>6556</strong></span> <span class='ocrx_word' id='word_1_161' title='bbox 1315 2034 1515 2096; x_wconf 80' lang='lat' dir='ltr'>videret,</span> 
     </span>
     <span class='ocr_line' id='line_1_26' title="bbox 56 2111 1516 2177; baseline 0.001 -18"><span class='ocrx_word' id='word_1_162' title='bbox 56 2111 313 2161; x_wconf 85' lang='lat' dir='ltr'>doctrinam</span> <span class='ocrx_word' id='word_1_163' title='bbox 350 2112 409 2161; x_wconf 91' lang='lat' dir='ltr'>de</span> <span class='ocrx_word' id='word_1_164' title='bbox 445 2111 592 2162; x_wconf 87' lang='lat' dir='ltr'>literis</span> <span class='ocrx_word' id='word_1_165' title='bbox 628 2130 873 2177; x_wconf 89' lang='lat' dir='ltr'>earumque</span> <span class='ocrx_word' id='word_1_166' title='bbox 918 2113 1088 2161; x_wconf 88' lang='lat' dir='ltr'>sonis</span> <span class='ocrx_word' id='word_1_167' title='bbox 1134 2114 1290 2162; x_wconf 84' lang='lat' dir='ltr'>acrius</span> <span class='ocrx_word' id='word_1_168' title='bbox 1334 2113 1516 2162; x_wconf 86' lang='lat' dir='ltr'>exami-</span> 
     </span>
     <span class='ocr_line' id='line_1_27' title="bbox 55 2190 1516 2258; baseline 0.001 -19"><span class='ocrx_word' id='word_1_169' title='bbox 55 2190 188 2239; x_wconf 80' lang='lat' dir='ltr'>navit</span> <span class='ocrx_word' id='word_1_170' title='bbox 220 2190 269 2238; x_wconf 87' lang='lat' dir='ltr'>in</span> <span class='ocrx_word' id='word_1_171' title='bbox 303 2191 739 2240; x_wconf 85' lang='lat' dir='ltr'>Exercitationibus</span> <span class='ocrx_word' id='word_1_172' title='bbox 774 2192 1078 2258; x_wconf 88' lang='lat' dir='ltr'>Aethiopicis</span> <span class='ocrx_word' id='word_1_173' title='bbox 1100 2192 1322 2254; x_wconf 55' lang='lat'>(1825.)</span> <span class='ocrx_word' id='word_1_174' title='bbox 1359 2191 1516 2241; x_wconf 89' lang='lat' dir='ltr'>Idem-</span> 
     </span>
     <span class='ocr_line' id='line_1_28' title="bbox 56 2269 1516 2333; baseline 0.002 -16"><span class='ocrx_word' id='word_1_175' title='bbox 56 2285 147 2333; x_wconf 90' lang='lat' dir='ltr'>que</span> <span class='ocrx_word' id='word_1_176' title='bbox 180 2269 226 2317; x_wconf 91' lang='lat' dir='ltr'>in</span> <span class='ocrx_word' id='word_1_177' title='bbox 264 2269 673 2320; x_wconf 85' lang='lat' dir='ltr'>dissertatiuncula</span> <span class='ocrx_word' id='word_1_178' title='bbox 707 2270 769 2319; x_wconf 89' lang='lat' dir='ltr'>de</span> <span class='ocrx_word' id='word_1_179' title='bbox 805 2269 1091 2319; x_wconf 90' lang='lat' dir='ltr'>emendanda</span> <span class='ocrx_word' id='word_1_180' title='bbox 1114 2270 1296 2319; x_wconf 89' lang='lat' dir='ltr'>ratione</span> <span class='ocrx_word' id='word_1_181' title='bbox 1331 2271 1516 2320; x_wconf 86' lang='lat' dir='ltr'>lexico-</span> 
     </span>
     <span class='ocr_line' id='line_1_29' title="bbox 53 2348 1516 2414; baseline 0.004 -20"><span class='ocrx_word' id='word_1_182' title='bbox 53 2348 281 2414; x_wconf 84' lang='lat' dir='ltr'>graphiae</span> <span class='ocrx_word' id='word_1_183' title='bbox 316 2350 556 2399; x_wconf 87' lang='lat' dir='ltr'>semiticae</span> <span class='ocrx_word' id='word_1_184' title='bbox 600 2349 806 2411; x_wconf 74' lang='lat'>(1827.)</span> <span class='ocrx_word' id='word_1_185' title='bbox 852 2355 945 2397; x_wconf 87' lang='lat' dir='ltr'>tum</span> <span class='ocrx_word' id='word_1_186' title='bbox 984 2349 1253 2397; x_wconf 84' lang='lat' dir='ltr'>Neumanni</span> <span class='ocrx_word' id='word_1_187' title='bbox 1302 2356 1349 2398; x_wconf 88' lang='lat' dir='ltr'>et</span> <span class='ocrx_word' id='word_1_188' title='bbox 1383 2350 1516 2400; x_wconf 87' lang='lat' dir='ltr'>Loe-</span> 
     </span>
     <span class='ocr_line' id='line_1_30' title="bbox 57 2426 1516 2494; baseline 0.003 -21"><span class='ocrx_word' id='word_1_189' title='bbox 57 2426 215 2475; x_wconf 80' lang='lat' dir='ltr'>scheri</span> <span class='ocrx_word' id='word_1_190' title='bbox 249 2433 341 2475; x_wconf 77' lang='lat' dir='ltr'>ttun</span> <span class='ocrx_word' id='word_1_191' title='bbox 377 2428 672 2478; x_wconf 84' lang='lat' dir='ltr'>Schultensii</span> <span class='ocrx_word' id='word_1_192' title='bbox 715 2427 869 2476; x_wconf 87' lang='lat' dir='ltr'>studia</span> <span class='ocrx_word' id='word_1_193' title='bbox 920 2428 1162 2477; x_wconf 81' lang='lat' dir='ltr'>momentis</span> <span class='ocrx_word' id='word_1_194' title='bbox 1200 2428 1299 2476; x_wconf 83' lang='lat' dir='ltr'>suis</span> <span class='ocrx_word' id='word_1_195' title='bbox 1334 2429 1516 2494; x_wconf 89' lang='lat' dir='ltr'>ponde-</span> 
     </span>
     <span class='ocr_line' id='line_1_31' title="bbox 53 2504 1515 2573; baseline 0.004 -22"><span class='ocrx_word' id='word_1_196' title='bbox 53 2504 177 2553; x_wconf 86' lang='lat' dir='ltr'>ravit</span> <span class='ocrx_word' id='word_1_197' title='bbox 241 2511 310 2565; x_wconf 86' lang='lat' dir='ltr'>et,</span> <span class='ocrx_word' id='word_1_198' title='bbox 394 2507 517 2571; x_wconf 90' lang='lat' dir='ltr'>quod</span> <span class='ocrx_word' id='word_1_199' title='bbox 577 2508 774 2557; x_wconf 84' lang='lat' dir='ltr'>libenter</span> <span class='ocrx_word' id='word_1_200' title='bbox 834 2507 1161 2571; x_wconf 81' lang='lat' dir='ltr'>agnoscimus,</span> <span class='ocrx_word' id='word_1_201' title='bbox 1214 2507 1515 2573; x_wconf 81' lang='lat' dir='ltr'>iapeticarum</span> 
     </span>
     <span class='ocr_line' id='line_1_32' title="bbox 55 2584 1515 2650; baseline 0.003 -20"><span class='ocrx_word' id='word_1_202' title='bbox 55 2598 237 2646; x_wconf 88' lang='lat' dir='ltr'>quoque</span> <span class='ocrx_word' id='word_1_203' title='bbox 270 2584 528 2648; x_wconf 87' lang='lat' dir='ltr'>linguarum</span> <span class='ocrx_word' id='word_1_204' title='bbox 563 2587 851 2650; x_wconf 86' lang='lat' dir='ltr'>analogiam,</span> <span class='ocrx_word' id='word_1_205' title='bbox 896 2586 1126 2649; x_wconf 88' lang='lat' dir='ltr'>religiose</span> <span class='ocrx_word' id='word_1_206' title='bbox 1173 2592 1366 2634; x_wconf 82' lang='lat' dir='ltr'>servata</span> <span class='ocrx_word' id='word_1_207' title='bbox 1410 2586 1515 2635; x_wconf 90' lang='lat' dir='ltr'>dia-</span> 
     </span>
     <span class='ocr_line' id='line_1_33' title="bbox 54 2660 1515 2731; baseline 0.004 -23"><span class='ocrx_word' id='word_1_208' title='bbox 54 2660 167 2710; x_wconf 85' lang='lat' dir='ltr'>lecti</span> <span class='ocrx_word' id='word_1_209' title='bbox 201 2662 566 2729; x_wconf 85' lang='lat' dir='ltr'>uniuscujusque</span> <span class='ocrx_word' id='word_1_210' title='bbox 605 2672 653 2714; x_wconf 85' lang='lat' dir='ltr'>et</span> <span class='ocrx_word' id='word_1_211' title='bbox 691 2664 903 2713; x_wconf 89' lang='lat' dir='ltr'>universi</span> <span class='ocrx_word' id='word_1_212' title='bbox 938 2665 1138 2713; x_wconf 85' lang='lat' dir='ltr'>semitici</span> <span class='ocrx_word' id='word_1_213' title='bbox 1172 2665 1367 2729; x_wconf 84' lang='lat' dir='ltr'>generis</span> <span class='ocrx_word' id='word_1_214' title='bbox 1402 2681 1515 2731; x_wconf 90' lang='lat' dir='ltr'>pro-</span> 
     </span>
     <span class='ocr_line' id='line_1_34' title="bbox 55 2739 1513 2810; baseline 0.004 -22"><span class='ocrx_word' id='word_1_215' title='bbox 55 2739 276 2806; x_wconf 86' lang='lat' dir='ltr'>prietate,</span> <span class='ocrx_word' id='word_1_216' title='bbox 330 2744 659 2793; x_wconf 88' lang='lat' dir='ltr'>consulendam</span> <span class='ocrx_word' id='word_1_217' title='bbox 704 2759 815 2793; x_wconf 84' lang='lat' dir='ltr'>esse</span> <span class='ocrx_word' id='word_1_218' title='bbox 859 2744 1185 2810; x_wconf 82' lang='lat' dir='ltr'>pronunciavit</span> <span class='ocrx_word' id='word_1_219' title='bbox 1237 2746 1513 2808; x_wconf 83' lang='lat' dir='ltr'>rejectoque</span> 
     </span>
     <span class='ocr_line' id='line_1_35' title="bbox 53 2818 1513 2890; baseline 0.004 -24"><span class='ocrx_word' id='word_1_220' title='bbox 53 2818 472 2884; x_wconf 84' lang='lat' dir='ltr'>trigrannnatismo,</span> <span class='ocrx_word' id='word_1_221' title='bbox 508 2824 693 2873; x_wconf 87' lang='lat' dir='ltr'>radices</span> <span class='ocrx_word' id='word_1_222' title='bbox 728 2823 947 2874; x_wconf 84' lang='lat' dir='ltr'>verbales</span> <span class='ocrx_word' id='word_1_223' title='bbox 982 2823 1278 2890; x_wconf 87' lang='lat' dir='ltr'>paucioribus</span> <span class='ocrx_word' id='word_1_224' title='bbox 1313 2838 1379 2872; x_wconf 85' lang='lat' dir='ltr'>ex</span> <span class='ocrx_word' id='word_1_225' title='bbox 1412 2823 1513 2872; x_wconf 87' lang='grc'><strong>616-</strong></span> 
     </span>
    </p>
   </div>
  </div>
 </body>
</html>
